2744 4658
153 242 195 305 98
692 235 739 300 Ill

154 409 187 473 in
210 426 245 472 se
267 406 408 475 animam
431 413 529 488 atque
551 405 664 483 ineos
685 405 803 490 poterit
824 404 1017 472 concludere
1039 409 1165 491 motus,

79 545 129 592 555
156 543 236 605 quos
259 527 332 586 ante
353 521 388 586 in
409 521 517 587 nornis
540 527 570 586 et
591 520 625 585 in
647 521 718 605 ipso
742 539 874 604 corpore
897 521 1037 603 agebat.

154 657 251 720 quare
273 637 370 703 etiarn
393 642 491 719 atque
513 636 610 702 etiam
632 636 774 701 resoluto
797 636 940 720 corporis
963 634 1048 702 omni

155 752 293 836 tegmine
316 757 348 816 et
369 752 479 817 eiectis
502 758 594 817 extra
615 752 769 818 vitalibus
791 751 878 816 auris

153 866 286 932 dissolui
308 886 423 932 sensus
445 867 544 932 animi
567 866 692 932 fateare
715 874 878 932 necessest

153 989 249 1065 atque
270 982 432 1066 animam,
449 983 598 1066 quoniam
623 983 824 1048 coniunctast
846 1001 945 1046 cansa
967 981 1115 1046 duobus.

78 1119 128 1167 555
195 1098 342 1181 Denique
365 1117 436 1161 oum
458 1118 574 1184 corpus
596 1103 738 1180 nequeat
759 1097 901 1182 perterre
924 1097 1043 1160 animai

152 1213 339 1298 discidium,
358 1215 434 1295 quin
457 1215 489 1279 in
512 1211 615 1280 ⁴taetro
638 1215 784 1280 tabescat
806 1212 924 1295 odore,

154 1328 229 1411 quid
253 1328 380 1395 dubitas
404 1329 480 1410 quin
503 1349 543 1394 ex
565 1331 628 1396 imo
649 1330 838 1414 penitusque
860 1333 970 1393 coorta

155 1445 311 1510 emanarit
332 1444 376 1508 uti
399 1443 505 1509 sumus
528 1445 646 1510 diffusa
668 1445 796 1509 animae
819 1445 887 1529 vis,

153 1566 249 1641 atque
271 1559 343 1624 ideo
366 1564 457 1623 tanta
480 1564 633 1622 mutatum
655 1565 747 1641 putre
768 1560 860 1623 ruina

78 1696 127 1743 555
153 1675 326 1740 conciderit
348 1695 482 1759 corpus,
499 1674 625 1759 penitus
648 1674 723 1756 quia
745 1680 833 1739 mota
854 1675 924 1737 loco
948 1678 1022 1736 sunt

152 1790 377 1865 fundamenta,
393 1789 481 1854 foras
503 1795 654 1855 manante
677 1790 784 1854 anima
806 1807 908 1872 usque
929 1807 987 1872 per
1009 1793 1096 1851 artus
1133 1776 1137 1786 ’

151 1926 272 1992 perque
292 1905 417 1970 viarum
439 1906 542 1970 omnis
564 1905 686 1990 flexus,
701 1906 734 1970 in
758 1925 892 1990 corpore
916 1904 969 1986 qui
992 1907 1086 1988 sunt,

153 2029 247 2105 atque
269 2022 456 2087 foramina?
471 2021 665 2085 multimodis
687 2027 721 2083 ut
742 2040 876 2086 noscere
898 2019 1004 2104 possis

153 2137 352 2221 dispertitam
375 2137 504 2201 animae
526 2142 671 2199 naturam
695 2135 800 2200 exisse
823 2153 880 2219 per
903 2142 1010 2210 artus,

78 2273 129 2320 555
153 2258 185 2317 et
206 2252 295 2336 prius
318 2273 388 2316 esse
412 2251 472 2316 sibi
495 2249 679 2314 distractam
703 2269 836 2333 corpore
857 2250 890 2313 in
912 2249 1004 2332 ipso,

153 2389 247 2451 quarn
269 2366 422 2451 prolapsa
444 2365 531 2432 foras
554 2371 662 2430 enaret
684 2365 718 2429 in
740 2366 824 2431 aeris
847 2385 961 2429 auras.

153 2482 229 2565 quin
252 2482 346 2546 etiarn
370 2480 442 2545 finis
465 2481 541 2545 dum
564 2481 648 2546 vitae
671 2482 801 2547 vertitur
823 2481 927 2557 intra,

153 2617 249 2680 saepe
272 2595 382 2678 aliqua
402 2601 513 2661 tamen
535 2616 553 2661 e
577 2618 675 2663 cansa
697 2596 857 2664 labefacta
880 2596 1007 2660 videtur

152 2713 199 2777 ire
222 2712 329 2776 anima
351 2732 391 2778 ao
412 2701 478 2778 toto
501 2713 584 2778 solui
607 2712 649 2778 de
672 2733 806 2797 corpore
827 2712 932 2790 velle,

78 2849 128 2895 555
154 2833 185 2893 et
208 2829 299 2910 quasi
323 2848 471 2913 supremo
495 2828 707 2909 languescere
728 2833 871 2911 ternpore
891 2825 1019 2902 voltus,

152 2944 324 3025 molliaque
347 2943 503 3024 exsangui
524 2948 634 3006 trunco
657 2941 773 3007 cadere
796 2942 902 3006 omnia
923 2942 1087 3006 membra.

154 3058 240 3141 quod
262 3078 363 3141 genus
389 3063 456 3141 est,
473 3059 578 3123 animo
602 3060 687 3124 male
710 3058 829 3123 facturn
852 3079 922 3124 oum
945 3057 1133 3142 perhibetur

153 3180 210 3237 aut
232 3175 370 3237 animam
393 3172 547 3254 liquisse;
564 3175 616 3238 ubi
639 3175 702 3238 iarn
725 3174 903 3259 trepidatur
925 3179 956 3237 et
978 3189 1090 3237 omnes

154 3293 329 3354 extremum
353 3288 483 3372 eupiunt
504 3289 589 3354 ritae
612 3290 870 3374 repraehendere
891 3288 1050 3352 vinclum:

78 3423 128 3471 555
154 3408 384 3485 conquassatur
406 3403 490 3468 enim
512 3410 578 3469 tum
601 3426 691 3472 mens
713 3405 906 3487 animaeque
929 3409 1073 3487 potestas

155 3520 277 3602 omnis,
295 3525 326 3583 ct
348 3519 430 3585 haec
452 3521 522 3603 ipso
545 3541 615 3585 oum
639 3542 769 3606 corpore
793 3520 929 3585 conlabe
950 3520 1050 3600 fiunt3

153 3641 188 3698 ut
209 3634 335 3717 gravior
358 3636 453 3717 paulo
476 3638 578 3719 possit
601 3636 776 3701 dissolvere
799 3656 915 3702 causa.

155 3750 232 3832 quid
255 3749 382 3816 dubitas
402 3751 532 3817 tandem
555 3751 630 3832 quin
654 3759 746 3816 extra
767 3753 896 3836 prodita
919 3771 1033 3836 eorpus

154 3935 355 3943 m...—

157 4058 210 4106 574
227 4053 287 4104 Sese
305 4053 392 4102 anima
410 4050 424 4122 ΙΙ
445 4056 495 4104 576
515 4054 587 4117 Quae
607 4052 621 4125 Η
641 4057 691 4107 578
711 4054 802 4106 satiare
822 4054 836 4123 Η
857 4055 907 4105 580
926 4067 1024 4116 neqnea
1044 4051 1057 4122 ΙΙ
1078 4054 1128 4103 582
1148 4053 1243 4104 eairno
1264 4049 1278 4121 ΙΙ

158 4144 209 4192 583
223 4143 308 4192 anima
321 4142 390 4193 eius.
412 4140 425 4218 lq
446 4144 496 4191 586
509 4153 615 4194 manant
627 4144 777 4206 animaeque
797 4140 810 4209 Η
831 4145 883 4192 594
896 4157 1002 4206 corpore
1015 4142 1103 4191 omnia
1113 4144 1242 4193 membra.
1263 4139 1277 4210 ΙΙ

157 4231 207 4283 596
227 4231 348 4294 easangui
369 4228 383 4299 11
402 4238 492 4280 trunco
511 4232 651 4284 omasum.
672 4233 685 4301 Η
707 4234 756 4282 591
775 4229 889 4296 peribet.
