2678 4658
600 241 644 306 III

87 418 108 478 ct
123 419 218 481 tanen
241 412 330 480 haud
352 433 514 496 quaquam
536 418 663 478 nostros
687 418 762 477 tunc
782 414 840 479 illa
860 435 918 498 per
940 420 1026 481 artus

82 528 157 612 louge
178 532 218 597 ab
243 529 410 596 sensiferis
432 528 608 613 primordia
631 528 770 594 motibus
792 535 919 608 errant,

26 648 63 710 irc
78 664 131 709 cum
152 650 316 728 correptus
339 646 434 709 homo
458 664 497 709 ex
521 664 632 709 somno
656 663 692 710 se
716 645 839 727 colligit
861 646 951 729 ipse.

73 761 154 826 multo
175 761 274 843 igitur
296 766 430 826 mortem
451 759 556 824 minus
580 758 623 824 ad
646 780 705 824 nos
728 779 800 825 esse
822 761 1048 844 putandumst3

67 876 210 941 siminus
233 895 306 942 esse
328 881 434 961 potest
456 894 552 957 quam
576 876 662 956 quod
685 875 730 938 nil
755 895 826 940 esse
848 876 1012 940 videmus:

64 992 159 1057 maior
180 991 266 1057 enim
289 991 402 1055 turbae
425 991 576 1056 disiectus
603 990 750 1054 materiai

59 1105 257 1189 consequitur
278 1105 365 1189 leto,
382 1125 442 1170 nec
465 1106 635 1188 quisquam
658 1106 841 1190 expergitus
865 1111 991 1188 exstat,

10 1238 40 1289 uc
59 1220 174 1306 frigida
199 1240 295 1302 quem
318 1221 419 1285 semel
441 1228 490 1286 est
510 1220 590 1286 vitai
612 1241 717 1305 pausa
740 1226 869 1284 secuta.

92 1336 241 1418 Denique
263 1335 293 1401 si
314 1355 425 1401 vocem
447 1355 551 1400 rerum
574 1341 690 1400 natura
712 1342 844 1419 repente

56 1451 157 1516 mittat
180 1456 213 1515 et
234 1451 296 1516 hcc
319 1450 418 1516 alicui
439 1459 580 1517 nostrum
603 1451 649 1516 sic
672 1451 812 1534 increpet
834 1451 928 1534 ipsa,

51 1561 140 1651 ‘qnid
160 1550 223 1630 tibi
246 1571 337 1630 tanto
360 1571 503 1649 operest,
520 1567 681 1643 mortalis,
699 1565 786 1649 quod
806 1565 899 1630 nimis
921 1565 1029 1646 aegris

56 1682 193 1747 luctibus
215 1679 394 1762 indulges?
409 1681 485 1763 quid
508 1688 641 1747 mortem
664 1681 826 1762 congemis
848 1702 886 1746 ac
908 1681 994 1746 fles?

11 1812 48 1863 us
61 1818 124 1863 nem
147 1796 257 1880 gratis
279 1781 340 1859 'fuit
361 1795 440 1860 haec
461 1797 519 1860 tibi
541 1797 606 1861 vita
629 1801 703 1860 ante
726 1802 800 1861 acta
822 1797 993 1880 priorque,

69 1918 170 1978 cinon
197 1911 309 1976 omnia
329 1916 492 1995 pertusum
515 1916 670 1992 congesta
693 1910 783 1991 quasi
805 1911 839 1973 in
862 1931 918 1974 vas

66 2026 229 2093 commoda
251 2025 428 2111 perfluxere
451 2033 549 2107 atque
571 2026 698 2109 ingrata
718 2025 887 2090 interiere:

60 2162 108 2208 cur
127 2163 199 2208 non
220 2147 257 2206 ut
277 2142 392 2225 plenus
414 2142 499 2206 vitae
523 2142 656 2207 conviva
681 2141 827 2218 recedis,

60 2278 158 2341 aequo
184 2257 358 2338 animoque
381 2257 471 2340 capis
493 2278 656 2340 securam,
673 2256 787 2340 stulte,
805 2254 972 2337 quietem?

10 2373 170 2438 scrinea
195 2392 280 2454 quae
302 2371 424 2437 fructus
448 2391 582 2453 cumque
606 2392 640 2437 es
664 2372 786 2456 periere
808 2369 962 2455 profusa,

59 2488 187 2571 vitaque
209 2488 244 2552 in
267 2486 440 2565 offensust,
458 2506 513 2552 cur
536 2487 674 2570 amplius
696 2487 816 2552 addere
839 2489 987 2567 quaeris,

25 2676 30 2689 ι
59 2622 184 2669 rursum
207 2602 295 2685 quod
316 2608 429 2687 pereat
450 2604 535 2667 mate
558 2608 589 2666 et
611 2602 772 2683 ingratum
795 2601 919 2664 occidat
942 2619 1055 2682 omne,

58 2738 121 2783 non
143 2716 254 2802 potius
276 2718 362 2781 vitae
384 2716 478 2782 finem
501 2716 583 2782 facis
606 2723 703 2798 atque
725 2714 874 2779 laboris?

58 2852 133 2896 narn
155 2831 216 2897 tibi
240 2837 405 2915 praeterea
427 2831 512 2912 quod
536 2831 700 2896 machiner
721 2829 966 2909 inveniamque,

10 2964 39 3011 us
60 2947 147 3029 quod
170 2947 321 3032 placeat,
337 2946 381 3010 nil
405 2952 472 3011 est:
492 2946 604 3012 cadem
627 2951 701 3011 sunt
723 2944 829 3009 omnia
852 2961 997 3026 semper.

58 3061 84 3126 si
106 3061 166 3127 tibi
190 3080 255 3126 non
278 3061 373 3125 annis
395 3081 510 3146 corpus
533 3063 598 3126 iam
621 3066 741 3126 marcet
763 3065 794 3124 et
816 3065 904 3122 artus

58 3174 198 3242 confecti
220 3176 394 3259 languent,
412 3174 526 3241 eadem
550 3184 657 3242 tamen
680 3176 788 3241 omnia
808 3179 955 3256 restant,

57 3291 168 3357 omnia
191 3291 221 3356 si
241 3310 362 3375 pergas
383 3291 520 3356 vivendo
544 3292 671 3357 vincere
694 3291 823 3365 saecla,

57 3413 154 3490 atque
179 3408 278 3473 etiam
300 3407 428 3491 potius,
445 3408 472 3472 si
495 3427 667 3489 numquam
689 3407 733 3470 sis
752 3405 922 3469 moriturus
935 3398 951 3487 ‚'

10 3538 38 3587 co
57 3522 131 3605 quid
155 3521 413 3606 respondemus,
430 3522 492 3587 nisi
514 3524 628 3587 iustam
651 3520 815 3586 intendere
838 3519 924 3585 litem

55 3644 203 3703 naturam
228 3642 261 3702 et
276 3625 391 3701 ¹veram
413 3636 519 3702 verbis
542 3656 702 3721 exponere
724 3636 881 3699 causam?

10 3768 38 3817 sc
54 3752 209 3837 grandior
232 3751 384 3817 hisvero
408 3751 434 3816 si
456 3751 522 3816 iam
545 3752 715 3833 seniorque
739 3755 891 3833 queratur

10 3875 149 3953 eratque
173 3867 300 3936 obitum
322 3867 517 3933 lamentetur
538 3867 635 3932 miser
657 3866 794 3949 amplius
815 3883 941 3945 aequo,

54 4138 101 4191 985
118 4137 188 4191 haec
207 4134 356 4188 omissum.
378 4129 391 4201 ΙΙ
413 4135 460 4183 941
483 4133 604 4184 offensost
624 4133 636 4201 ΙΙ
658 4137 707 4184 943
727 4132 790 4183 iacis
811 4128 824 4201 Η
848 4134 897 4182 945
917 4130 1000 4195 placet
1023 4128 1036 4198 ΙΙ
1063 4131 1111 4178 947
1131 4128 1185 4176 lon·

53 4238 145 4291 mre
164 4222 182 4296 ΙΙ
201 4228 301 4275 restat.
322 4220 338 4290 ΙΙ
360 4223 411 4271 948
430 4237 518 4285 perges
539 4219 552 4289 Η
573 4224 623 4272 950
642 4223 663 4270 si
