2744 4658
177 209 216 275 18
730 210 745 274 Ι

171 396 230 441 nec
252 396 310 461 per
333 397 368 442 se
392 396 584 461 quemquam
609 386 734 464 tempus
756 381 873 446 sentire
895 381 1095 450 fatendumst

169 497 325 557 semotum
347 493 389 557 ab
414 513 520 558 rerum
543 500 631 559 motu
653 495 849 579 placidaque
873 498 998 580 quiete.

169 606 308 690 denique
331 608 552 693 Tyndaridem
576 617 700 695 raptam
725 612 875 695 belloque
900 613 1052 680 subactas

93 741 144 789 ros
169 722 384 803 Troiiugenas
407 724 512 806 gentis
535 745 606 789 cunr
630 726 739 790 dicrmt
762 747 852 812 esse,
877 729 1080 793 videndumst

123 844 126 848 ’
170 857 210 902 ne
233 837 315 902 forte
338 836 419 903 haec
441 858 500 922 per
523 860 557 904 se
581 850 697 925 cogant
720 863 779 908 nos
804 863 877 908 esse
901 843 1014 927 fateri,

168 952 297 1032 quando
323 972 362 1017 ea
386 955 494 1019 saecla
517 955 700 1032 hominum,
725 977 859 1038 quorum
882 957 964 1024 haec
987 965 1101 1023 eventa
1124 958 1274 1036 fuerunt,

167 1066 393 1133 inrevocabilis
417 1070 585 1136 abstulerit
607 1072 671 1136 iam
696 1073 867 1157 praeterita
890 1079 1003 1138 aetas:

165 1202 304 1264 namque
327 1183 408 1247 aliut
429 1205 486 1268 per
508 1191 592 1269 sest,
617 1187 698 1250 aliut
721 1186 906 1267 regionibus
929 1186 1008 1270 ipsis

91 1317 143 1362 iro
169 1305 317 1363 eventurn
341 1298 402 1364 dici
424 1301 541 1383 poterit
563 1302 651 1383 quod
673 1322 808 1383 cumque
833 1302 892 1367 erit
915 1309 1041 1367 actum.

168 1413 307 1496 denique
329 1415 480 1480 materies
504 1417 532 1481 si
555 1438 658 1483 remur
682 1419 770 1483 nulla
793 1418 927 1494 fuisset,

167 1548 226 1592 nec
248 1529 338 1594 locus
361 1550 399 1594 ae
422 1531 581 1613 spatium,
605 1534 711 1598 resin
736 1554 797 1615 quo
821 1553 968 1614 quaeque
989 1540 1164 1616 geruntur,

166 1663 341 1725 numquam
363 1645 560 1730 Tyndaridis
582 1646 705 1712 formae
729 1648 883 1713 conflatus
908 1669 1018 1712 amore

166 1759 271 1842 ignis,
294 1761 472 1825 Alexandri
494 1762 635 1847 Phrygio
659 1763 718 1828 sub
741 1769 870 1846 pectore
894 1762 1054 1843 gliscens,

88 1895 139 1941 cro
166 1874 255 1940 clara
278 1876 480 1943 accendisset
502 1879 591 1943 saevi
615 1879 790 1944 cer-tarnina
809 1878 908 1949 belli,

165 2011 224 2056 nec
248 1992 331 2056 elam
355 1993 509 2073 durateus
527 1994 688 2057 Troiianis
712 1997 869 2076 Pergama
893 2001 988 2074 partu

164 2105 397 2171 inflammasset
420 2127 520 2186 equos
543 2113 695 2169 nocturno
721 2105 1010 2186 Graiiugenarum

164 2219 348 2303 perspicere
372 2226 406 2283 nt
428 2220 533 2304 possis
556 2238 608 2283 res
630 2223 740 2301 gestas
763 2216 904 2281 funditus
928 2215 1030 2279 onmis

163 2353 227 2396 non
250 2333 296 2396 ita
319 2334 363 2398 uti
386 2354 502 2418 eorpus
526 2354 583 2416 ρει·
607 2353 642 2398 se
666 2338 812 2396 constare
836 2349 940 2409 neque
965 2348 1058 2402 esse,

87 2467 138 2515 rso
165 2467 223 2512 nec
244 2447 369 2512 ratione
392 2447 499 2512 eluere
522 2447 637 2512 eadem
659 2466 724 2527 qna
748 2450 871 2510 constet
892 2444 1008 2525 inane,

166 2563 223 2627 sed
246 2562 350 2645 magis
373 2569 407 2625 ut
429 2563 540 2627 merito
563 2565 669 2647 possis
693 2568 808 2627 eventa
830 2579 947 2626 vocare

164 2678 326 2763 eorporis,
351 2685 447 2760 atque
470 2678 552 2754 loci,
576 2698 628 2743 res
651 2678 684 2742 in
708 2698 771 2758 quo
795 2694 943 2757 quaeque
966 2678 1136 2754 gerantur.

204 2793 347 2878 Corpora
370 2801 443 2859 sunt
464 2815 559 2878 porro
582 2793 698 2876 partim
721 2790 897 2874 primordia
920 2810 1045 2871 rerum,

164 2910 278 2993 partim
302 2909 435 2973 concilio
460 2928 544 2989 quae
567 2912 714 2972 constant
736 2905 983 2991 principiorum.

87 3046 138 3091 rso
158 3023 221 3098 *sed
245 3043 329 3104 quae
353 3029 425 3087 sunt
447 3041 553 3086 rerum
575 3022 772 3106 primordia,
796 3020 886 3085 nulla
908 3026 1013 3103 potest
1034 3019 1082 3084 vis

165 3141 347 3221 stinguere:
372 3159 445 3201 nam
469 3137 573 3202 solido
596 3137 728 3203 vincunt
750 3157 789 3202 ea
812 3155 944 3220 corpore
968 3134 1115 3199 demum.

165 3255 224 3320 etsi
248 3252 378 3318 difficile
401 3270 473 3317 esse
497 3253 622 3318 videtur
645 3253 774 3317 eredere
798 3252 968 3333 quiequam

162 3373 195 3435 in
216 3371 314 3435 rebus
336 3367 438 3432 solido
462 3367 593 3450 reperiri
616 3387 749 3450 corpore
771 3386 886 3450 posse.

163 3485 280 3550 transit
302 3483 385 3548 enirn
408 3483 527 3546 fulmen
551 3483 695 3561 caelum,
719 3503 778 3566 per
800 3488 913 3565 saepta
936 3480 1102 3544 domorum

85 3621 137 3667 ceo
165 3601 285 3665 clamor
309 3599 333 3662 it
355 3618 532 3681 seroces,
557 3597 675 3662 ferrum
699 3594 863 3660 candescit
883 3596 917 3659 in
939 3593 1027 3678 igni,

163 3715 388 3795 dissiliuntque
410 3713 479 3778 fero
504 3713 660 3778 ferventia
687 3731 768 3776 saxa
791 3730 930 3793 vapore:

161 3837 226 3894 tum
248 3828 464 3895 labefactatus
487 3827 574 3912 rigor
596 3827 668 3892 auri
690 3827 822 3892 solvitur
842 3831 953 3890 aestu:

161 4101 211 4146 467
233 4095 325 4144 frier-it.
347 4092 360 4162 Η
385 4097 435 4144 469
455 4095 519 4144 aliut
538 4096 609 4144 terris
630 4093 643 4163 Η
664 4097 715 4143 473
736 4094 819 4142 forma
836 4089 849 4160 Η
870 4094 921 4139 480
941 4092 1008 4139 luere
1030 4089 1043 4157 ΙΙ
1064 4092 1115 4138 484
1135 4107 1185 4152 qua
1206 4088 1217 4156 Η
1237 4090 1287 4136 489

159 4187 252 4233 lirunen
271 4184 334 4232 caeli
355 4180 368 4250 ll
389 4186 440 4231 490
459 4192 487 4231 ut
505 4184 537 4230 sd
557 4179 571 4250 Η
591 4187 639 4231 491
663 4181 768 4231 serrensi
790 4179 802 4247 Η
823 4181 872 4226 492
894 4178 958 4227 Cum
