2744 4658
696 260 711 322 l

137 457 212 501 nam
235 435 360 517 quidvis
383 435 474 498 citius
496 433 626 497 dissolvi
651 453 748 516 posse
770 431 916 496 videmus

138 571 235 633 quam
257 570 365 615 rursus
387 549 494 627 refici3
519 568 581 630 qua
603 552 734 632 propter
756 547 855 631 longa
877 546 940 611 diei

138 665 262 729 infinita
286 670 375 730 aetas
398 670 470 729 ante
494 664 557 729 acti
580 662 733 747 temporis
754 662 856 726 omnis

139 779 223 862 quod
245 780 397 863 fregisset
420 778 523 844 adbuc
546 778 728 843 disturbans
750 777 1017 859 dissoluensque‚

62 917 113 964 566
138 916 309 978 numquam
332 895 451 961 relicuo
474 893 617 978 reparari
640 899 781 976 tempore
803 897 935 977 posset.

138 1016 294 1094 alnum,
320 1010 507 1092 nimirum,
531 1006 701 1089 frangendi
725 1006 851 1072 reddita
873 1007 945 1071 linis

137 1133 224 1189 certa
246 1130 374 1203 manet,
399 1125 550 1205 quoniam
573 1121 659 1188 refici
683 1141 750 1185 rem
774 1140 932 1204 quamque
955 1122 1100 1188 videmus

140 1247 170 1303 et
192 1240 281 1304 linita
305 1239 398 1303 simul
420 1240 600 1319 generatim
622 1244 769 1321 tempora
793 1238 886 1301 rebus

139 1363 245 1438 stare,
271 1355 384 1436 quibus
405 1352 531 1436 possint
553 1352 622 1415 aevi
647 1352 833 1432 contingere
855 1352 987 1418 florem.

64 1493 115 1540 565
141 1472 201 1535 hue
224 1467 349 1534 accedit
371 1466 434 1541 uti,
459 1465 656 1531 solidissima
677 1465 823 1530 materiai

139 1604 276 1670 corpora
299 1604 368 1649 cum
393 1587 558 1657 constant,
582 1581 707 1665 possint
728 1587 835 1647 tamen
856 1584 965 1648 omnia
987 1583 1077 1648 reddi

138 1700 248 1766 mollia
271 1719 353 1781 quae
374 1697 472 1771 liunt,
497 1704 571 1774 adr,
596 1717 701 1778 aqua,
725 1702 830 1776 terra,
851 1716 1009 1783 vapores,

64 1837 114 1884 566
140 1815 314 1878 admixtum
338 1813 488 1894 quoniam
511 1813 608 1876 semel
633 1811 734 1876 estin
759 1812 853 1877 rebus
875 1812 995 1877 inane:

142 1935 176 1993 at
199 1934 307 1993 eontra
330 1928 354 1991 si
379 1927 489 1991 mollia
512 1926 576 1990 sint
595 1925 771 2010 primordia
793 1946 916 2002 rerum,

138 2043 223 2107 unde
246 2047 364 2124 queant
385 2040 484 2106 validi
508 2041 615 2107 silices
636 2040 817 2123 ferrumque
840 2042 942 2106 creari

138 2179 202 2224 non
224 2157 341 2241 poterit
362 2158 442 2221 ratio
466 2156 578 2222 reddi:
602 2176 676 2221 nam
699 2156 842 2221 funditus
866 2157 969 2223 omnis

136 2273 293 2358 principio
315 2272 512 2336 fundamenti
535 2279 646 2337 natura
669 2272 809 2337 carebit.

136 2395 209 2454 sunt
230 2388 326 2469 igitur
348 2388 452 2452 solida
473 2389 629 2472 pollentia
652 2388 875 2472 simplicitate,

59 2527 111 2574 575
138 2524 272 2586 quorum
297 2502 459 2567 condenso
483 2504 585 2587 magis
608 2503 716 2567 omnia
738 2503 908 2568 conciliatu

136 2617 235 2683 artari
257 2624 394 2703 possunt
416 2615 605 2698 validasque
630 2618 797 2682 ostendere
820 2617 917 2681 viris.

179 2736 277 2799 Porro
301 2734 326 2797 si
349 2733 469 2798 nullast
490 2732 678 2814 frangendis
699 2732 826 2799 reddita
848 2731 919 2796 finis

136 2849 342 2932 corporibus,
365 2856 472 2913 tamen
498 2869 538 2913 ex
561 2855 692 2915 aeterno
715 2855 859 2933 ternpore
883 2848 1040 2931 quaedam

136 2985 221 3029 nunc
244 2965 340 3029 etiarn
356 2984 517 3048 ¹superare
540 2971 704 3030 necessest
726 2985 862 3049 corpora
885 2966 1000 3057 rebus,

61 3102 113 3150 586
139 3100 221 3162 quae
243 3100 307 3142 non
331 3078 405 3143 dum
429 3079 556 3143 clueant
578 3080 643 3145 ullo
666 3086 821 3164 temptata
843 3080 985 3163 periclo:

138 3201 172 3260 at
195 3195 344 3276 quoniam
369 3194 476 3278 fragili
500 3202 617 3260 natura
639 3195 786 3279 praedita
809 3200 976 3278 constant,

138 3311 300 3393 discrepat
323 3316 487 3374 aeternum
510 3315 635 3394 tempus
658 3311 801 3394 potuisse
827 3332 955 3377 manere

139 3424 423 3490 innumerabilibus
446 3424 553 3508 plagis
576 3432 691 3489 venata
716 3446 772 3509 per
794 3446 929 3492 aevom.

139 3540 279 3622 denique
300 3540 363 3604 iarn
388 3540 536 3621 quoniam
561 3541 737 3621 generatim
759 3541 886 3606 reddita
908 3543 980 3608 finis

61 3678 114 3726 565
141 3655 304 3721 crescendi
327 3657 423 3721 rebus
446 3661 570 3721 constat
592 3654 752 3738 vitamque
774 3658 925 3741 tenendi,

62 3792 115 3842 566
141 3793 204 3854 quo
228 3778 321 3854 paeto
343 3770 422 3836 fiant
445 3779 476 3837 et
498 3791 563 3854 qua
585 3771 614 3836 vi
640 3790 788 3854 quaeque
810 3777 981 3858 gerantur,

62 3908 113 3957 566
139 3893 171 3954 et
195 3887 271 3969 qnid
295 3907 442 3971 quaeque
465 3894 584 3971 queant
605 3909 662 3974 per
684 3887 815 3955 foedera
838 3890 983 3970 naturai,

140 4055 330 4062 ...η-..υ

140 4158 190 4207 562
211 4155 285 4204 refice
307 4153 319 4221 ΙΙ
341 4157 442 4206 demus.
466 4154 478 4225 {l
499 4162 549 4209 569
569 4161 770 4226 Adrnixtnmque
791 4159 803 4236 d
825 4164 875 4214 578
889 4176 1020 4231 (quaeque.
1042 4157 1055 4230 Η
1077 4161 1127 4210 580
1141 4158 1240 4210 civeant
1253 4155 1267 4230 d

142 4247 194 4297 584
213 4242 346 4309 generatis
365 4239 380 4314 ll
401 4247 451 4295 585
465 4246 611 4300 Crescendis
