2744 4658
671 241 729 305 IIII

53 437 110 485 990
135 436 214 480 nam
236 412 367 480 dubium
389 433 453 478 non
476 419 543 490 est,
560 412 677 476 animai
703 412 779 493 quin
801 431 899 496 opera
922 412 964 477 sit

135 549 252 597 sensns
273 530 326 594 hio
346 529 379 593 in
401 529 513 611 nobis,
531 548 623 610 quem
647 548 716 592 cum
740 547 837 610 sopor
860 527 983 611 inpedit
1004 547 1095 608 esse,

135 653 203 711 tum
225 644 318 712 nobis
341 645 480 709 animam
502 643 715 727 perturbatam
739 660 812 707 esse
835 644 1042 726 putandumst

136 761 339 843 eiectamque
362 760 471 843 foras;
488 778 554 823 non
577 777 703 822 omnem
717 782 723 821 :
739 778 877 839 namque
899 758 1018 824 iaceret

136 882 269 941 aeterno
292 895 407 960 corpus
428 875 591 959 perfusum
614 872 734 954 frigore
756 873 831 951 leti.

55 1011 110 1059 925
138 991 277 1076 quippe,
293 991 347 1056 ubi
369 992 460 1055 nulla
481 991 586 1055 latens
609 990 728 1054 animai
751 1010 827 1072 pars
850 997 1028 1056 remaneret

135 1106 170 1170 in
192 1106 360 1184 membris,
378 1107 484 1172 cinere
506 1112 540 1170 ut
562 1106 662 1186 multa
686 1105 762 1169 latet
785 1105 916 1169 obrutus
939 1105 1042 1188 ignis,

134 1221 222 1287 unde
244 1222 412 1288 reconflari
436 1242 550 1288 sensus
571 1242 629 1307 per
650 1221 793 1285 membra
816 1227 945 1305 repente

135 1343 266 1421 posset,
282 1343 316 1402 ut
338 1357 377 1402 ex
400 1338 468 1420 igni
492 1358 587 1403 caeco
611 1357 802 1418 consurgere
826 1335 982 1400 flamma?

175 1450 243 1517 Sed
264 1452 378 1534 quibus
401 1452 480 1518 haec
502 1454 597 1517 rebus
619 1452 745 1517 novitas
769 1451 902 1535 confiat,
919 1458 951 1515 et
973 1452 1056 1516 uude

59 1588 110 1635 990
135 1567 316 1652 perturbari
340 1567 447 1632 anima
470 1573 501 1632 et
523 1587 638 1651 corpus
660 1566 868 1650 languescere
891 1568 1013 1651 possit,

137 1680 328 1766 expediam:
345 1689 378 1746 tu
400 1685 450 1747 sac
472 1703 511 1748 ne
534 1683 636 1748 ventis
659 1684 757 1748 verba
780 1682 994 1766 profundam.

137 1799 293 1886 principio
317 1804 449 1862 externa
472 1819 587 1880 corpus
610 1798 649 1860 de
673 1803 764 1880 parte
786 1816 952 1861 necessum
976 1804 1044 1880 est,

142 1915 236 1981 atriis
258 1913 410 1997 quoniam
432 1912 569 1977 vicinum
593 1912 735 1996 tangitur
758 1913 863 1989 auris,

137 2028 263 2094 tundier
284 2032 379 2109 atque
402 2027 443 2092 ab
466 2027 536 2091 ibus
560 2027 671 2091 crebro
695 2026 852 2111 pulsarier
873 2026 957 2103 ictu,

63 2164 113 2213 935
139 2149 376 2229 proptereaque
398 2143 464 2206 fere
486 2163 537 2207 res
560 2163 671 2208 omnes
694 2148 750 2207 aut
773 2141 859 2207 corio
884 2147 956 2206 sunt

138 2257 310 2324 autetiam
334 2255 464 2321 conchis
487 2265 542 2321 aut
565 2258 649 2323 callo
673 2263 729 2322 aut
752 2258 866 2322 cortice
889 2263 1013 2323 tectae.

137 2371 322 2438 interiorem
344 2371 440 2436 etiam
462 2378 584 2454 partem
607 2371 800 2455 spirantibus
823 2379 877 2435 aer

135 2489 287 2554 verberat
309 2486 360 2551 hio
382 2485 487 2568 idem,
506 2506 574 2549 oum
599 2485 723 2549 ducitur
745 2491 841 2566 atque
863 2485 1011 2549 reflatur.

138 2621 240 2686 quare
261 2601 418 2683 utrimque
440 2619 532 2665 secus
555 2620 625 2664 cum
649 2618 763 2683 corpus
786 2578 944 2681 vapulet:
953 2605 984 2663 et
1007 2619 1077 2664 cum

60 2739 113 2787 940
140 2716 329 2802 perveniant
350 2717 468 2800 plagae
489 2735 546 2799 per
568 2735 668 2799 parva
690 2713 847 2777 foramina
868 2712 962 2778 nobis

138 2831 279 2915 corporis
302 2830 343 2895 ad
365 2831 486 2914 primas
509 2831 608 2915 partis
630 2830 851 2911 elementaque
873 2827 997 2912 prima,

137 2946 174 3010 fit
196 2947 288 3029 quasi
310 2946 464 3031 paulatim
487 2945 581 3010 nobis
603 2966 660 3027 per
683 2945 824 3008 membra
844 2943 954 3007 ruina.

139 3060 366 3127 conturbantur
390 3061 474 3124 eninr
497 3060 660 3145 positurae
683 3059 910 3141 principiorum

141 3176 283 3260 corporis
305 3182 402 3257 atque
425 3175 543 3238 animi.
560 3174 594 3238 fit
616 3173 661 3238 uti
684 3193 758 3255 pars
781 3171 855 3236 inde
878 3173 996 3236 animai

65 3312 116 3360 945
141 3291 295 3368 eiciatur,
312 3296 344 3356 et
366 3290 535 3354 introrsum
558 3310 632 3371 pars
655 3288 765 3352 abditu
789 3286 900 3370 cedat,

141 3426 216 3491 pars
238 3405 331 3470 etiam
356 3403 507 3468 distracta
529 3423 586 3487 per
608 3409 695 3467 artus
718 3423 783 3467 non
806 3406 901 3483 queat
924 3419 995 3464 esse

141 3519 306 3585 coniuncta
329 3519 411 3583 inter
434 3540 468 3584 se
491 3538 596 3599 neque
618 3522 704 3581 motu
727 3523 834 3579 nrutua
856 3515 968 3598 fungi:
1055 3566 1058 3572 .

88 3638 92 3645 '
141 3633 223 3700 iuter
245 3634 328 3700 enim
353 3633 457 3717 saepit
480 3639 588 3696 coetus
611 3638 726 3695 natura
748 3630 895 3711 viasque:

141 3767 218 3832 ergo
241 3767 356 3813 sensus
379 3747 446 3812 abit
467 3745 597 3811 mutatis
619 3745 757 3810 motibus
779 3746 863 3810 alte.

68 3882 119 3930 050
144 3868 176 3928 et
198 3861 350 3945 quoniam
372 3881 437 3924 non
459 3868 508 3927 est
531 3861 623 3942 quasi
646 3859 732 3942 quod
753 3861 910 3925 suffulciat
932 3866 1040 3943 artus,

145 3975 252 4042 debile
274 3975 309 4041 fit
332 3995 465 4059 corpus,
482 3976 758 4058 languescuntque
781 3975 889 4040 omnia
911 3973 1071 4058 membra,

143 4133 345 4141 ——---

147 4226 198 4276 928
217 4224 303 4275 Possit
322 4221 335 4293 Η
356 4226 405 4274 929
426 4225 520 4275 conflat
541 4221 553 4292 ll
575 4228 626 4275 934
644 4231 720 4286 atque
738 4223 792 4274 eius
812 4219 825 4291 li
845 4225 894 4273 936
914 4225 983 4288 gallo
1003 4221 1017 4291 li
1038 4222 1087 4271 945
1107 4219 1229 4271 illiciatur

1028 4325 1067 4388 10
