2744 4658
156 223 199 288 34
712 221 726 284 Ι

158 397 301 467 constet,
325 413 366 455 an
389 393 577 457 immensum
600 398 710 474 pateat
731 396 886 472 vasteque
908 389 1123 475 profundum.

201 506 302 571 Omne
327 508 413 589 quod
437 515 486 571 est
508 508 604 590 igitur
626 507 715 570 nulla
736 507 869 588 regione
891 507 1012 569 viarum

159 620 330 685 finitumst:
355 642 502 714 namque
518 627 693 687 extremum
717 621 856 686 debebat
878 621 1018 686 habere:

83 756 133 802 ooo
160 742 335 800 extremum
345 711 452 820 ‘porro
476 736 594 800 nullius
616 756 711 820 posse
734 735 860 800 videtur

159 870 250 926 esse,
275 852 336 916 nisi
359 851 442 915 ultra
465 852 505 916 sit
529 851 614 933 quod
637 851 744 930 liniat3
767 857 801 915 ut
823 849 968 916 videatur

158 991 221 1051 quo
244 988 310 1033 non
331 966 458 1049 longius
482 967 563 1031 haee
583 986 697 1032 sensus
721 974 835 1031 natura
855 972 1028 1047 sequatur.

159 1104 243 1147 nunc
265 1090 356 1148 entra
379 1102 536 1146 summam
560 1082 713 1162 quoniam
736 1082 779 1144 nil
803 1102 872 1145 esse
895 1080 1078 1162 fatendum,

158 1219 220 1263 non
244 1199 340 1261 habet
362 1203 557 1279 extremum,
582 1203 668 1262 caret
691 1218 766 1280 ergo
790 1197 861 1279 linc„
875 1197 1056 1277 modoque,

83 1335 132 1382 ooo
160 1334 217 1378 nec
240 1313 337 1378 refert
361 1313 475 1393 quibus
499 1312 640 1376 adsistas
663 1312 847 1397 regionibus
870 1313 957 1377 eius:

157 1448 257 1510 usque
280 1427 381 1511 adeo,
406 1448 497 1508 quern
523 1429 657 1509 quisque
679 1429 783 1493 locunr
805 1428 969 1512 possedit,
993 1429 1025 1491 in
1048 1427 1150 1492 ornnis

158 1545 346 1608 tantundem
370 1543 470 1627 partis
492 1543 647 1606 inlinitum
672 1564 765 1607 omne
786 1544 954 1624 relinquit.

158 1659 376 1741 praeteream
401 1659 463 1721 iam
488 1658 607 1721 finitum
631 1659 841 1722 constituatur

158 1760 361 1854 rufinoquod
386 1780 433 1837 est
456 1773 611 1856 spatium,
636 1775 736 1855 siquis
759 1779 925 1857 procurrat
948 1773 988 1837 ad
1012 1793 1086 1837 oras

83 1910 133 1955 ero
158 1889 288 1954 ultimus
311 1895 469 1953 extremas
493 1889 652 1970 iaciatque
676 1889 804 1953 volatile
828 1889 945 1971 telum,

158 2004 190 2066 id
214 2004 330 2068 validis
354 2011 458 2067 utrum
482 2009 659 2068 contortum
681 2004 801 2067 viribus
823 2005 871 2067 ire

159 2139 221 2199 quo
245 2118 341 2182 fuerit
363 2120 493 2183 missum
517 2119 620 2182 mavis
643 2120 804 2202 longeque
824 2118 953 2200 volare,

159 2254 201 2297 an
224 2233 394 2317 probibere
417 2234 537 2314 aliquid
562 2253 675 2298 censes
698 2234 888 2316 obstareque
906 2233 1029 2316 posse?

160 2348 345 2412 alterutrum
370 2348 503 2412 fatearis
527 2349 610 2411 enim
634 2368 806 2430 sumasque
828 2354 1010 2413 necessest.

83 2484 133 2529 975
160 2484 291 2543 quorum
316 2469 484 2543 utrumque
508 2464 565 2527 tibi
587 2464 739 2546 effugium
762 2464 941 2549 praecludit
962 2470 993 2527 et
1016 2480 1130 2525 omne

159 2579 244 2658 cogit
266 2583 300 2641 ut
324 2586 473 2660 exempta
496 2579 657 2644 concedas
679 2580 741 2645 line
764 2587 898 2664 patere.

160 2713 231 2754 nam
256 2693 394 2758 sive·est
416 2693 530 2774 aliquit
553 2693 640 2774 quod
662 2697 797 2776 probeat
819 2694 1003 2774 efficiatque

159 2829 221 2888 quo
244 2807 338 2870 miuu’
363 2829 425 2888 quo
448 2810 578 2872 missurn
600 2815 651 2871 est
672 2809 781 2874 veniat
802 2809 921 2891 finique
944 2810 1027 2873 locet
1050 2828 1105 2882 se,

159 2924 225 2987 sive
248 2922 336 2987 foras
360 2923 479 2998 fertur,
503 2945 566 2986 non
590 2928 640 2988 est
661 2945 681 2986 a
703 2925 764 2988 line
787 2925 984 3008 profectum.

84 3059 134 3105 ouo
158 3037 219 3100 boc
242 3044 335 3121 pacto
359 3057 476 3118 sequar
499 3044 616 3122 atque,
641 3060 714 3103 oras
737 3040 790 3103 ubi
814 3059 948 3121 cumque
972 3038 1088 3102 locaris

136 3214 140 3217 .
161 3160 339 3235 erumnas,
365 3172 518 3233 quaeram
541 3153 619 3235 quid
641 3155 705 3218 telo
729 3153 867 3235 denique
890 3153 964 3217 liat.

158 3266 212 3330 fiet
234 3267 278 3329 uti
303 3289 459 3349 nusquam
482 3268 584 3352 possit
606 3268 780 3333 consistere
806 3269 899 3352 finis,

160 3381 378 3472 effugiumque
402 3382 500 3466 fugae
521 3383 660 3466 prolatet
683 3383 776 3466 copia
799 3403 945 3467 semper.

202 3498 373 3586 Praeterea
396 3499 533 3582 spatium
557 3499 692 3562 summai
714 3499 811 3591 totius
835 3518 928 3563 omne

84 3630 134 3676 eso
160 3610 302 3692 undique
325 3613 350 3676 si
373 3614 529 3677 inclusum
553 3615 646 3678 certis
671 3613 859 3678 consisteret
886 3613 951 3677 oris

160 3725 346 3809 finitumque
368 3726 472 3804 foret,
495 3728 559 3791 iam
582 3729 677 3812 copia
701 3729 848 3793 materiai

160 3839 300 3922 undique
322 3841 519 3924 ponderibus
542 3842 655 3907 solidis
678 3842 839 3908 confluxet
860 3842 902 3907 ad
923 3842 1041 3926 imum,

160 4000 362 4013 4——

164 4113 212 4159 957
232 4111 356 4158 imcusnm
375 4105 390 4175 ll
410 4110 459 4157 966
479 4124 584 4157 omnus.
612 4106 625 4176 Η
651 4112 699 4157 971
721 4110 751 4157 In
777 4106 791 4176 ΙΙ
816 4111 863 4158 981
886 4111 943 4158 liet.
966 4107 978 4177 Η
1005 4110 1055 4158 984
1074 4104 1180 4157 seatium
1202 4101 1215 4172 Η
1236 4108 1288 4155 985

165 4198 276 4246 inclusus
295 4198 309 4263 Η
330 4197 378 4245 987
399 4196 525 4244 confluxit
