2744 4658
712 274 727 338 Ι
789 270 794 282 .

159 453 331 531 uvesmnt,
355 447 467 512 cadem
491 448 663 532 dispansae
685 445 717 509 in
741 445 809 510 sole
833 449 1014 510 senescunt.

158 571 191 628 at
213 583 316 645 neque
340 584 401 644 quo
424 568 520 647 pacto
543 561 721 647 persederit
745 581 835 625 umor
858 560 954 641 aquai

158 680 308 759 visumst,
333 698 393 742 neo
416 698 538 742 rursum
562 697 623 758 quo
646 683 740 760 pacto
765 674 882 755 fugerit
905 681 1018 739 aestu.

159 795 191 858 in
214 811 331 877 parvas
353 792 449 872 igitur
471 792 572 876 partis
595 791 787 874 dispergitur
814 810 924 872 umor,

85 930 137 975 310
160 929 241 990 quas
264 907 345 971 oculi
368 906 456 969 nulla
480 911 613 989 possunt
636 906 758 968 ratione
780 904 910 968 videre.

159 1023 235 1104 quin
258 1021 352 1087 etiam
375 1021 481 1083 multis
505 1019 582 1083 solis
604 1018 809 1083 redeuntibus
832 1018 924 1080 annis

159 1138 272 1201 anulus
294 1135 327 1197 in
350 1134 449 1216 digito
474 1134 581 1198 subter
603 1138 749 1197 tenuatur
772 1131 942 1204 habendo,

159 1249 287 1315 stilicidi
310 1232 569 1332 casus'lapidem
593 1254 702 1322 cavat,
727 1266 825 1310 uncus
849 1247 947 1310 aratri

159 1365 280 1429 ferreus
303 1365 425 1429 occulte
449 1363 605 1427 decrescit
626 1379 737 1424 vomer
763 1361 795 1423 in
819 1361 923 1437 arvis,

89 1501 140 1547 315
163 1485 322 1561 strataque
344 1479 409 1542 iam
432 1476 517 1559 volgi
542 1475 675 1559 pedibus
698 1475 810 1539 detrita
834 1475 955 1539 viarum

159 1613 260 1658 saxea
283 1593 516 1676 conspicimus:
541 1598 624 1666 tum,
648 1595 757 1674 portas
780 1596 928 1674 propter,
953 1597 1033 1653 adua

158 1709 253 1789 signa
274 1728 386 1771 manus
410 1707 539 1770 dextras
563 1705 732 1769 ostendunt
759 1704 926 1768 adtenuari

161 1842 258 1904 saepe
281 1823 473 1886 salutantum
496 1826 584 1884 tactu
606 1825 795 1902 praeterque
818 1825 1001 1883 meantum.

161 1935 240 1998 haec
261 1934 357 2014 igitur
378 1935 495 2019 minui,
520 1955 589 1998 oum
614 1932 677 1996 siut
699 1932 833 2015 detrita,
857 1932 1020 1996 videmus:

88 2070 139 2117 320
162 2050 220 2114 sed
242 2067 324 2131 quae
347 2069 481 2133 corpora
504 2049 661 2112 decedant
683 2048 716 2110 in
738 2053 881 2131 tempore
905 2067 1050 2128 quoque,

157 2164 266 2228 invida
287 2166 460 2248 praeclusit
482 2164 621 2248 spatium
644 2169 759 2227 natura
780 2162 930 2227 videndi.

159 2283 322 2360 postremo
346 2298 428 2359 quae
452 2297 585 2359 eumque
609 2278 677 2342 dies
700 2283 874 2358 natruaque
897 2279 991 2342 rebus

162 2391 315 2473 paulatim
338 2392 463 2473 tribuit,
486 2393 673 2456 moderatim
697 2412 837 2457 crescere
861 2413 998 2476 cogens,

161 2505 248 2568 nulla
271 2509 377 2588 potest
400 2506 558 2568 oculorum
580 2508 664 2572 acics
688 2514 834 2572 contenta
856 2508 955 2581 tueri,

86 2638 138 2685 333
161 2639 220 2683 1133
242 2639 337 2702 porro
361 2638 443 2699 qrrae
468 2639 600 2702 cumque
624 2643 702 2685 aevo
726 2623 892 2701 macieque
915 2628 1103 2685 senescunt:

162 2751 242 2815 nec,
265 2752 354 2797 mare
378 2754 461 2816 quae
484 2735 681 2821 inpendent,
705 2757 798 2800 vesco
822 2736 890 2800 sale
913 2755 993 2799 saxa
1015 2755 1130 2818 peresa

158 2847 234 2927 quid
258 2866 383 2928 quoque
407 2849 552 2913 amittant
575 2852 607 2913 in
631 2857 773 2935 tempore
796 2851 1072 2932 cernere-possis.

158 2963 342 3046 corporibus
367 2965 472 3028 caecis
495 2964 592 3044 igitur
617 2971 730 3028 natura
753 2965 833 3047 gerit
855 2985 928 3028 res.

201 3078 269 3141 Nec
291 3083 398 3141 13111311
420 3077 560 3158 undique
584 3097 741 3161 corporea
764 3080 882 3162 stipata
904 3085 1050 3143 tenentur

86 3209 137 3255 330
159 3191 265 3255 omnia
288 3197 420 3255 natura:
445 3213 584 3274 namque
608 3200 656 3257 est
678 3194 711 3256 in
735 3196 830 3258 rebus
852 3194 968 3289 inane.

159 3306 244 3387 quod
267 3305 323 3368 tibi
349 3326 505 3387 cognosse
528 3307 560 3369 in
584 3308 689 3372 multis
713 3307 772 3372 erit
795 3307 869 3372 utile
893 3309 1007 3380 rebus,

160 3440 219 3484 neo
241 3420 323 3484 sinet
346 3427 504 3484 errantem
528 3420 672 3485 dubitare
696 3428 726 3485 et
749 3441 901 3503 quaerere
924 3440 1050 3504 semper·

159 3536 200 3600 de
222 3554 345 3598 summa
367 3554 472 3598 rerum
496 3543 526 3599 et
546 3535 665 3599 nostris
689 3535 834 3600 diflidens
858 3536 970 3600 dictis.

60 3642 72 3675 ”
86 3671 136 3717 333
161 3655 245 3731 quod
269 3649 296 3712 si
319 3669 383 3712 non
406 3655 509 3723 esset,
533 3649 620 3712 nulla
644 3650 766 3714 ratione
789 3651 909 3715 moveri

159 3769 382 3848 resvpossent:
408 3783 545 3843 namque
569 3762 706 3827 osticium
729 3763 814 3844 quod
837 3765 980 3848 corporis
1003 3771 1127 3842 exstat,

161 3877 289 3942 01110313
312 3883 406 3957 atque
430 3877 582 3953 obstare,
606 3875 639 3940 id
661 3878 694 3940 in
717 3879 800 3942 omni
824 3886 966 3963 tempore
989 3880 1118 3944 adesset

161 4144 208 4190 321
235 4144 374 4204 0103313331
397 4145 505 4207 speciem
536 4142 548 4212 Η
578 4149 628 4195 334
653 4148 710 4208 Qua
733 4156 834 4210 propter
858 4149 928 4197 locus
952 4158 988 4196 est
1011 4149 1119 4196 intactus
1143 4148 1218 4195 inane
1239 4164 1280 4194 va-

161 4244 287 4289 consque.
