2744 4658
664 222 690 284 V

116 392 247 459 exitium
272 393 368 458 celeri
391 392 511 458 celatur
533 393 657 474 origine
679 392 847 456 flammae.

114 509 161 574 sic
182 506 280 590 igitur
301 506 402 572 solem
424 506 532 572 lunam
555 508 727 589 stellasque
749 507 956 592 putandumst

116 642 156 687 ex
178 621 242 686 alio
265 626 361 703 atque
383 621 446 686 alio
469 623 573 688 lucem
594 623 715 688 iactare
737 622 869 687 subortu

114 744 146 804 et
167 736 300 821 primum
324 736 474 818 quioquid
496 737 694 801 flammarum
717 737 853 821 perdere
876 757 1020 822 semper3

29 873 86 922 305
115 848 317 917 inviolabilia
338 850 418 915 haec
441 872 481 916 ne
503 852 613 917 credas
636 851 718 916 sorte
740 851 867 935 rigere.

152 967 300 1050 Denique
321 987 387 1034 non
408 968 534 1050 lapides
557 985 685 1049 quoque
706 967 791 1032 vinci
814 967 918 1032 cernis
941 967 983 1031 ab
1004 986 1107 1052 aevo,

114 1053 295 1147 rofilli}
307 1085 401 1149 turris
423 1102 515 1148 ruere
538 1087 569 1147 et
591 1087 773 1164 putrescere
794 1099 897 1158 saxa,

113 1215 178 1262 non
201 1195 336 1262 delubra
358 1197 453 1263 deum
475 1196 710 1278 simulacraque
733 1195 822 1261 fessa
844 1194 969 1280 fatisci,

113 1330 173 1376 nec
194 1305 340 1376 sanctum
362 1332 479 1376 numen
502 1311 562 1376 fati
584 1311 755 1395 protollere
777 1310 849 1375 finis

31 1446 87 1493 310
113 1445 210 1510 posse
232 1444 337 1507 neque
360 1425 516 1491 adversus
536 1432 673 1490 naturae
695 1424 831 1517 foedera
853 1424 936 1489 niti?

113 1539 253 1622 denique
275 1561 339 1604 non
361 1542 555 1609 monimenta
577 1541 679 1605 virum
702 1541 830 1625 dilapsa
854 1513 1018 1624 ridemus,

111 1674 196 1736 quae
217 1653 285 1720 fore
307 1676 462 1739 proporro
485 1655 681 1737 vetitumque
703 1674 875 1722 senescere
895 1655 1027 1732 credas,

115 1790 178 1834 non
199 1788 292 1834 ruere
314 1771 443 1835 avolsos
465 1771 573 1835 silices
596 1791 615 1834 a
637 1771 797 1835 montibus
820 1770 895 1833 altis

114 1903 172 1950 neo
193 1883 321 1948 validas
344 1884 413 1949 aevi
436 1885 520 1949 vires
543 1883 683 1968 perferre
706 1884 836 1966 patique

40 2020 92 2067 315
116 1997 222 2064 finiti?
238 2017 341 2079 neque
364 1999 448 2063 enim
472 1999 624 2064 caderent
645 1998 758 2062 avolsa
780 2005 932 2084 repente,

112 2133 153 2180 ex
173 2112 296 2178 infinito
320 2133 404 2195 quae
427 2121 570 2199 tempore
592 2114 842 2198 pertolerassent
999 2111 1002 2114 ’

112 2228 220 2294 omnia
242 2234 399 2293 tormenta
421 2230 554 2314 aetatis,
571 2230 697 2313 privata
719 2229 867 2315 fragore.

149 2342 384 2434 QQ.5²¹¹¹¹
406 2349 494 2410 tuere
517 2344 597 2428 hoo,
615 2345 731 2410 circum
754 2365 914 2430 supraque
938 2343 1024 2427 quod
1046 2362 1173 2410 omnem

109 2457 250 2523 continet
272 2459 423 2543 amplexu
444 2466 582 2523 terram:
599 2459 625 2523 si
648 2466 798 2542 procreat
820 2479 860 2525 ex
883 2477 918 2524 se

31 2595 85 2642 320
111 2572 239 2657 omnia,
256 2573 341 2655 quod
365 2572 495 2654 quidam
517 2579 714 2657 memorant,
730 2574 907 2657 recipitque
927 2580 1111 2658 perempta,

107 2693 210 2752 totum
232 2687 371 2754 nativum
396 2689 522 2754 mortali
546 2708 679 2773 corpore
703 2693 845 2753 constat.

109 2822 185 2867 nam
210 2802 294 2884 qnod
318 2823 452 2885 cumque
475 2805 556 2870 alias
581 2826 621 2871 ex
644 2825 679 2870 se
702 2824 753 2869 res
776 2808 872 2887 auget
893 2802 1034 2885 alitque,

109 2917 253 2983 deminui
274 2917 389 2996 debet,
405 2920 562 3004 recreari,
579 2941 651 2985 cum
673 2920 785 3004 recipit
805 2939 877 2984 res,
903 2968 932 2983 ,

151 3031 324 3098 Praeterea
347 3034 373 3098 si
394 3033 564 3163 nuwm
586 3036 734 3116 genitalis
756 3035 846 3118 origo

31 3170 84 3218 325
110 3153 268 3214 terrarum
291 3154 323 3212 et
345 3147 427 3213 caeli
450 3168 639 3233 semperque
662 3154 793 3213 aeterna
815 3148 924 3232 fuere,

111 3283 168 3328 our
190 3282 308 3346 supera
330 3264 448 3329 bellum
471 3263 661 3329 Thebanum
685 3270 715 3328 et
736 3263 849 3327 funera
871 3264 989 3327 Troiae

113 3398 176 3444 non
200 3377 284 3444 alias
305 3378 361 3442 alii
384 3398 511 3461 quoque
532 3398 584 3444 res
608 3379 751 3443 cecinere
772 3379 915 3462 poetae?

112 3515 174 3576 quo
197 3500 244 3559 tot
265 3494 353 3559 facta
375 3494 476 3558 virum
499 3493 615 3559 totiens
639 3493 783 3558 cecidere
806 3513 910 3577 neque
932 3512 1068 3575 usquam

111 3610 251 3676 aeternis
273 3608 380 3674 famae
403 3609 606 3674 monimentis
628 3609 725 3673 insita
746 3609 889 3674 florent?

35 3748 86 3796 330
111 3746 242 3802 verum,
259 3730 294 3787 ut
316 3725 448 3807 opinor,
465 3723 562 3789 habet
582 3724 753 3788 novitatem
777 3744 921 3806 summa,
937 3740 1112 3804 recensque
1175 3711 1195 3805 Η
1223 3706 1234 3797 J
1266 3740 1302 3794 gr,

596 3803 797 3823 Ἣ

111 3845 259 3905 naturast
280 3838 391 3904 mundi
413 3857 520 3921 neque
542 3837 668 3922 pridem
690 3838 822 3905 exordia
844 3838 946 3922 cepit.
976 3878 980 3886 ·
1129 3831 1192 3944 J
1221 3830 1246 3897 ii
1259 3876 1276 3936 7·
1297 3840 1317 3907 ‘i

116 4024 310 4081 301'celeratur
334 4028 346 4096 Η
373 4033 422 4079 302
442 4033 598 4094 putandum.
624 4028 636 4097 Η
662 4034 712 4081 304
731 4032 853 4094 quidquid
879 4027 892 4096 Η
920 4032 969 4079 310
989 4028 1120 4077 foederent
1143 4021 1156 4092 Η
1185 4028 1235 4075 312

116 4117 243 4180 Quaerere
264 4113 276 4184 Η
296 4118 345 4166 sibi
364 4134 471 4183 cumque
492 4117 505 4186 Η
526 4123 576 4170 318
595 4134 686 4169 omne.
707 4115 720 4185 Η
741 4122 791 4169 326
811 4118 902 4168 funcra
921 4113 935 4186 Η
955 4119 1004 4165 327
1025 4115 1059 4165 ali
1081 4111 1094 4182 Η
1115 4115 1163 4163 331
1184 4112 1236 4165 Na·

114 4214 172 4257 tura
189 4205 301 4256 mundist
