2744 4658
692 216 741 279 ΙΙΙ

151 395 278 454 mortua
301 387 351 452 eui
372 387 439 453 rita
462 392 510 452 est
531 408 631 473 prope
654 389 718 452 iam
740 388 813 452 vivo
836 394 931 469 atque
954 387 1095 468 videnti,

149 503 205 586 qui
227 524 341 570 somno
362 510 487 588 partem
509 503 664 568 maiorem
688 503 825 569 conteris
847 502 940 582 aevi,

151 625 184 685 et
203 620 345 703 vigilans
368 617 471 685 stertis
495 638 554 683 neo
576 618 702 685 somnia
725 638 855 684 eernere
877 638 1005 704 cessas,

152 736 387 818 sollieitamque
409 736 495 820 geris
517 756 609 801 eassa
630 735 798 801 formidine
820 741 979 820 mentem,

68 874 136 928 roso
151 873 213 919 nee
236 851 375 936 reperire
397 857 491 936 potes
513 851 569 916 tibi
593 849 668 933 quid
692 851 732 915 sit
754 871 852 935 saepe
875 852 971 930 mali,
988 872 1056 916 eum

152 968 261 1034 ebrius
282 967 408 1049 urgeris
430 968 536 1032 multis
560 966 655 1031 miser
677 966 818 1049 undique
841 967 925 1033 euris

151 1090 250 1167 atque
272 1081 369 1149 animi
391 1083 513 1148 ineerto
536 1082 666 1147 fluitans
690 1102 796 1147 errore
819 1082 965 1167 vagaris!

195 1200 230 1266 Si
251 1206 385 1285 possent
406 1199 571 1284 homines,
589 1197 724 1282 proinde
745 1217 784 1263 aa
807 1199 924 1264 sentire
946 1199 1092 1264 videntur

149 1314 278 1401 pondus
300 1313 407 1379 inesse
429 1315 556 1398 animo,
574 1314 660 1397 quod
683 1334 717 1379 se
739 1315 895 1399 gravitate
917 1312 1051 1396 fatiget,
1120 1319 1123 1325 '

68 1450 172 1500 roooe
195 1430 311 1513 quibus
333 1429 366 1494 id
388 1430 445 1495 fiat
467 1431 572 1496 eausis
595 1447 724 1511 quoque
744 1449 879 1495 noseere
902 1410 1040 1496 ersunde

148 1551 241 1611 tanta
262 1546 338 1610 mali
359 1552 426 1610 tam
449 1567 543 1627 quam
565 1544 667 1628 moles
689 1544 722 1609 in
745 1551 875 1630 peetore
897 1551 1039 1629 constet,

151 1660 232 1726 haut
253 1660 299 1725 ita
319 1661 416 1726 vitam
441 1667 592 1746 agerent,
609 1668 643 1724 ut
664 1680 749 1726 nune
770 1662 958 1745 plerumque
980 1660 1125 1726 ridemus

152 1774 229 1856 quid
252 1775 312 1840 sibi
336 1776 470 1858 quisque
492 1777 569 1841 velit
591 1776 732 1859 nescire,
750 1782 781 1841 et
803 1796 956 1858 quaerere
979 1795 1106 1860 semper

157 1895 349 1955 eommutare
370 1892 494 1976 looum,
513 1893 604 1973 quasi
627 1912 708 1956 onus
732 1890 893 1975 deponere
914 1891 1035 1975 possit.

68 2023 140 2072 roeo
155 2003 220 2069 exit
242 2025 340 2090 saepe
363 2006 448 2072 toras
471 2007 597 2089 magnis
620 2026 659 2071 ex
682 2006 816 2072 aedibus
838 2007 912 2084 ille,

152 2136 225 2185 esse
248 2118 335 2185 domi
358 2140 452 2203 quem
474 2127 686 2206 pertaesumst
698 2171 706 2206 ,
724 2123 891 2204 subitoque
914 2121 1061 2205 revertit,

155 2234 272 2318 quippe
295 2234 374 2300 foris
397 2236 462 2301 nilo
486 2238 600 2304 melius
623 2239 678 2321 qui
699 2239 816 2304 sentiat
838 2256 929 2302 esse.

154 2349 250 2414 ourrit
271 2369 373 2432 agens
394 2373 531 2418 mannos
553 2354 595 2417 ad
617 2353 728 2417 villam
752 2353 1014 2436 praecipitanter,

153 2463 307 2529 auxilium
331 2466 422 2531 teetis
445 2467 536 2547 quasi
558 2465 640 2531 ferre
664 2460 849 2533 ardentibus
872 2469 1015 2532 instans:

68 2600 136 2648 roeo
156 2579 271 2644 oscitat
292 2582 451 2665 extemplo
465 2633 472 2660 ,
488 2582 591 2665 tetigit
614 2602 682 2645 oum
706 2581 817 2646 limina
839 2582 954 2658 villae,

153 2700 208 2759 aut
229 2693 296 2759 abit
316 2695 349 2759 in
372 2717 518 2761 somnum
541 2696 651 2781 gravis
674 2703 770 2778 atque
794 2695 913 2760 oblivia
937 2696 1081 2776 quaerit,

154 2810 330 2875 autetiam
353 2831 528 2895 properans
552 2813 662 2876 urbem
685 2812 764 2896 petit
786 2819 882 2894 atque
906 2811 1038 2875 revisit.

154 2925 214 2990 hoo
237 2945 272 2990 se
296 2926 431 3007 quisque
455 2929 548 2990 modo
573 2928 673 3008 fugit:
692 2935 725 2992 at
748 2949 863 3011 quom,
881 2926 1020 3009 scilieet,
1037 2932 1072 2989 ut
1093 2926 1146 3002 fit,

154 3039 295 3121 effugere
318 3042 394 3105 haut
415 3042 498 3125 potis
522 3048 589 3119 est,
606 3043 739 3125 ingratis
763 3042 876 3106 haeret
899 3047 930 3104 et
953 3041 1020 3105 odit

71 3177 138 3225 roro
154 3163 347 3241 propterea,
365 3157 465 3220 morbi
489 3158 565 3237 quia
587 3178 719 3222 eausam
744 3176 808 3232 non
830 3161 918 3219 tenet
940 3175 1055 3240 aeger3

154 3292 250 3354 quam
275 3271 356 3334 bene
380 3270 405 3334 si
429 3271 557 3349 videat,
574 3273 638 3336 iam
661 3273 756 3337 rebus
781 3270 914 3352 quisque
937 3269 1057 3333 relictis

154 3393 298 3450 naturam
321 3385 453 3468 primum
478 3386 606 3450 studeat
629 3405 822 3470 eognoseere
847 3405 971 3462 reruni,

154 3501 307 3585 temporis
330 3501 450 3565 aeterni
474 3502 623 3582 quoniam
640 3551 647 3584 ‚
665 3521 728 3565 uon
752 3501 845 3564 unius
869 3501 987 3576 horae,

154 3614 325 3696 ambigitur
348 3621 469 3698 status,
485 3615 517 3678 in
542 3636 605 3695 quo
628 3616 668 3678 sit
690 3615 877 3679 mortalibus
902 3615 1003 3678 omnis

73 3746 140 3795 1075
156 3733 268 3814 aetas,
286 3736 358 3813 post
380 3737 512 3825 mortem
536 3749 618 3810 quae
641 3736 738 3794 restat
761 3750 894 3812 euntque
917 3728 1103 3794 uranenda.

156 3912 358 3921 ..—-..--——.-

159 4034 227 4081 1000
247 4031 314 4093 quod
340 4029 353 4097 b
379 4034 444 4080 1052
465 4032 550 4080 animo
575 4029 588 4099 Η
616 4036 680 4082 1001
701 4049 745 4096 per
763 4045 837 4093 quern
857 4027 870 4098 Η
891 4031 992 4080 revertit
1010 4031 1150 4082 omissam.
1172 4027 1185 4098 Η
1214 4032 1280 4079 1063

156 4119 324 4182 praecipiter.
347 4117 358 4183 i,
382 4121 448 4167 1004
468 4120 562 4168 instas.
585 4115 598 4187 b
621 4123 687 4169 1008
706 4135 779 4181 quem
800 4116 813 4185 Η
836 4120 902 4166 1009
915 4119 1040 4182 ingratius
1060 4115 1075 4186 ΙΙ
1097 4120 1162 4168 1073
1176 4119 1281 4168 Aeterni

158 4205 280 4268 temporis
300 4202 314 4273 ΙΙ
336 4208 402 4256 1075
421 4207 564 4255 manendo.

1058 4310 1077 4372 8
