2744 4658
668 249 726 313 IIII

56 444 106 491 175
134 423 188 506 qui
211 422 332 507 possit,
347 442 452 505 neque
475 442 546 489 eam
569 421 724 487 rationem
748 420 883 486 reddere
906 420 1018 504 dictis,

56 559 106 606 171
130 537 167 602 111
189 557 285 620 quem
307 557 452 620 quaeque
474 538 578 602 locum
602 536 728 602 diverso
751 537 889 601 momine
912 536 1061 623 tendat]

56 674 105 721 176
176 653 271 718 Nunc
293 672 374 737 age,
391 674 485 735 quam
509 651 608 717 celeri
629 657 717 716 motu
741 652 909 716 simulacra
931 651 1095 737 ferantur,

129 773 166 831 et
187 786 270 849 quae
293 767 453 833 mobilitas
477 767 548 832 ollis
571 767 771 831 tranantibus
794 787 889 832 auras

132 880 262 948 reddita
285 881 344 958 011,
360 881 458 966 longo
481 882 584 965 spatio
607 889 641 945 ut
664 881 769 946 brevis
791 882 869 946 hora
891 889 1031 966 teratur,

56 1016 107 1065 100
134 994 309 1077 suavidicis
331 996 437 1081 potius
461 1017 555 1080 quam
579 997 685 1062 multis
707 997 851 1062 versibus
875 998 988 1080 edam3

130 1130 252 1196 parvus
274 1118 308 1175 ut
331 1116 381 1176 est
401 1112 495 1196 cycni
518 1112 631 1177 melior
653 1132 770 1194 canor,
787 1112 842 1176 ille
866 1132 979 1192 gruum
1003 1132 1100 1192 quam

134 1226 257 1290 clamor
278 1225 312 1289 in
333 1226 483 1292 aetheriis
507 1228 672 1311 dispersus
694 1225 831 1290 nubibus
855 1227 974 1289 austri.

131 1339 290 1425 principio
312 1361 469 1427 persaepe
490 1343 571 1408 levis
595 1362 646 1406 res
669 1347 766 1421 atque
789 1340 918 1405 minutis

134 1455 323 1539 corporibus
346 1455 448 1521 170170
471 1457 582 1522 0010110
605 1457 680 1520 licet
702 1474 774 1519 esse
794 1454 923 1520 videre.

58 1590 108 1638 185
134 1569 170 1634 in
193 1590 254 1652 quo
276 1569 343 1634 iam
365 1591 482 1652 genere
506 1577 554 1637 est
577 1571 655 1636 solis
676 1571 732 1634 lux
756 1576 788 1635 et
809 1592 910 1654 vapor
931 1572 1000 1636 eius

136 1690 308 1770 propterea
330 1686 405 1767 quia
428 1692 502 1750 sunt
524 1707 541 1751 e
563 1686 673 1770 primis
695 1685 781 1750 lacta
803 1685 951 1760 minutis,

137 1818 219 1882 quae
242 1798 333 1881 quasi
355 1799 511 1865 cuduntur
532 1821 653 1884 perque
675 1800 759 1864 ae'ris
781 1799 984 1864 intervallum
1035 1804 1039 1810 ’

138 1934 200 1979 non
223 1911 370 2003 dubitant
392 1917 529 1980 transire
552 1913 700 1996 sequenti
724 1914 849 1978 concita
870 1914 991 1998 plaga:

137 2026 358 2115 suppeditatur
380 2031 462 2094 enim
486 2028 652 2095 confestim
674 2029 794 2094 lumine
816 2030 943 2113 lumen,

59 2165 111 2214 100
136 2153 168 2210 01
191 2145 283 2228 quasi
306 2145 430 2229 protelo
453 2145 632 2211 stimulatur
654 2144 777 2227 fulgere
799 2144 926 2225 fulgur.

136 2280 201 2345 qua
222 2266 352 2344 propter
373 2260 547 2326 simulacra
568 2261 641 2346 pari
663 2260 786 2324 ratione
809 2279 942 2326 necesse
965 2266 1013 2324 est

90 2429 93 2434 .
135 2375 377 2442 inmemorabile
400 2397 456 2460 per
479 2377 613 2460 spatium
637 2382 854 2441 transcurrere
876 2397 971 2461 posse

138 2492 289 2576 temporis
312 2493 344 2557 in
366 2498 505 2578 puncto,
521 2492 766 2581 primumquod
788 2492 923 2576 parvola
946 2510 1045 2556 causa

139 2613 188 2672 cst
209 2607 322 2692 procul
344 2629 363 2672 a
385 2612 474 2688 tergo
498 2627 581 2688 01170
604 2606 761 2690 provehat
783 2612 880 2687 atque
903 2605 1085 2689 propellat,

59 2745 111 2792 100
138 2722 256 2789 deinde
280 2725 365 2806 quod
388 2723 593 2805 usqueadeo
617 2728 740 2787 textura
762 2720 910 2804 praedita
931 2739 1006 2783 1717

138 2839 324 2920 mittuntur,
340 2840 434 2905 facile
457 2846 491 2904 ut
514 2840 643 2922 quasvis
667 2845 837 2924 penetra-re
861 2841 979 2918 queant
1000 2853 1051 2897 res

138 2963 171 3022 01
193 2953 286 3037 quasi
308 2975 497 3038 permanare
519 2974 577 3038 per
599 2956 683 3018 aeris
705 2955 927 3019 intervallum.

136 3076 306 3156 praeterea
328 3071 355 3134 01
378 3089 462 3151 quae
484 3069 611 3152 penitus
635 3071 825 3152 corpuscula
848 3089 955 3133 rerum

60 3208 112 3257 700
139 3207 180 3251 ex
203 3185 331 3267 altoque
354 3183 443 3248 foras
466 3184 649 3268 mittuntur,
668 3186 744 3251 solis
768 3184 813 3249 uti
835 3185 890 3247 lux

138 3321 178 3366 ac
199 3321 317 3385 vapor,
334 3300 415 3364 haec
437 3306 551 3382 puncto
575 3305 745 3363 cernuntur
767 3299 859 3382 lapsa
882 3297 944 3362 diei

140 3435 198 3501 per
219 3421 318 3479 totum
343 3415 424 3479 caeli
448 3414 585 3496 spatium
607 3414 786 3479 diffundere
810 3434 882 3478 sese

139 3551 262 3615 perque
284 3530 395 3595 volare
417 3549 505 3594 mare
529 3550 566 3594 ac
588 3535 690 3594 terras
713 3529 894 3610 circumque
916 3530 1042 3609 rigare.

140 3646 219 3730 quid
242 3629 324 3732 quae
347 3653 420 3712 sunt
442 3645 537 3728 igitur
560 3644 625 3708 17111
648 3644 752 3728 prima
772 3644 877 3709 1101110
899 3645 1040 3729 parata?

64 3784 114 3832 101
140 3782 213 3828 oum
234 3762 393 3828 iaciuntur
416 3766 447 3826 et
470 3760 619 3825 emissum
643 3778 694 3826 100
715 3761 805 3825 nulla
826 3766 988 3842 moratur,

64 3899 113 3948 rao
140 3876 228 3963 quod
250 3897 345 3962 super
368 3882 434 3960 est,
451 3875 506 3940 nbi
528 3881 592 3938 tam
616 3874 737 3941 volucri
758 3874 887 3943 levitate
908 3872 1069 3952 ferantur,

63 4014 113 4063 acc
139 4014 248 4078 quone
269 3994 360 4059 vides
383 3991 474 4058 eitius
498 3991 616 4056 debere
638 3996 669 4055 01
691 3992 818 4076 longius
839 3990 886 4054 ire

145 4208 315 4291 1171711010
335 4236 348 4306 ll
371 4241 419 4288 179
438 4238 541 4288 numine
560 4237 656 4289 tendit.
677 4233 690 4304 ll
713 4239 762 4286 178
781 4236 891 4287 10171111.
913 4237 926 4308 ll
947 4242 996 4289 203
1015 4234 1163 4296 caelumque
