2744 4658
698 255 743 318 111

96 491 105 504 ,
156 425 377 511 quaerendum
399 427 545 492 videatur
567 431 600 492 et
621 425 655 489 in
678 424 847 491 discrimen
869 427 1050 514 agendum,

157 547 263 606 utrum
285 540 417 607 tandem
440 541 567 606 animae
588 547 745 606 venentur
766 544 889 608 semina
912 563 1059 625 quaeque

154 654 399 723 vermiculorum
421 657 579 742 ipsaeque
601 656 662 722 sibi
686 656 882 723 fabricentur
903 660 958 723 ubi
981 660 1063 744 sint,

155 792 201 837 an
223 771 316 853 quasi
339 773 525 856 corporibus
547 771 697 857 perfectis
720 773 939 839 insinuentur.

78 909 130 956 rao
156 891 192 951 at
213 905 318 968 neque
340 906 396 952 cur
417 886 537 952 faciant
558 889 649 970 ipsae
672 908 812 970 quareve
836 890 983 955 laborent

155 1000 263 1066 dicere
284 1000 469 1085 suppeditat
485 1050 492 1066 .
508 1021 613 1084 neque
635 1003 738 1082 enim,
756 1005 825 1070 sine
847 1024 980 1087 corpore
1003 1025 1074 1071 cum
1097 1011 1189 1089 sunt,

157 1115 316 1182 sollicitae
338 1117 472 1181 volitant
494 1117 614 1183 morbis
636 1119 773 1202 alguque
796 1120 966 1201 fameque:

154 1251 272 1315 eorpus
295 1230 380 1296 enim
402 1232 507 1316 magis
529 1232 579 1298 his
601 1233 685 1300 vitiis
709 1234 815 1299 adfine
837 1234 983 1318 laborat,

157 1352 192 1413 et
212 1345 301 1410 mala
323 1330 423 1410 multa
444 1347 571 1413 animus
594 1348 772 1432 contagibu'
795 1348 936 1430 fungitur
960 1349 1049 1415 eius.

77 1484 128 1535 ras
155 1462 216 1531 sed
238 1467 345 1526 tamen
368 1460 418 1525 his
442 1468 509 1526 esto
534 1463 680 1544 quamvis
701 1462 808 1528 facere
831 1463 908 1529 utile
930 1485 1067 1549 corpus,

154 1598 226 1645 cum
249 1576 404 1642 subeant:
421 1582 455 1641 at
476 1597 539 1658 qua
559 1577 684 1661 possint
705 1578 870 1643 ria‘nulla
892 1579 1037 1645 videtur.

152 1694 233 1758 haut
253 1691 349 1774 igitur
370 1691 492 1756 faciunt
514 1691 641 1758 animae
664 1692 725 1757 sibi
748 1713 883 1777 corpora
906 1700 937 1759 et
959 1699 1068 1759 artus.

154 1826 214 1874 neo
234 1787 342 1871 tamen
365 1810 469 1871 estut
491 1805 556 1870 iam
578 1807 729 1891 perfectis
751 1809 952 1873 insinuentur

158 1921 360 2007 corporibus:
376 1940 482 2004 neque
505 1922 588 1986 enim
611 1928 760 2005 poterunt
782 1922 939 2007 suptiliter
961 1942 1033 1989 esse

79 2059 134 2108 ⁷40
158 2055 301 2105 conexae
316 2084 324 2120 ,
340 2055 445 2118 neque
469 2056 644 2102 consensus
666 2037 816 2118 contagia
838 2037 931 2101 fient.

194 2151 342 2235 Denique
366 2171 422 2216 cur
443 2152 528 2217 acris
549 2151 705 2217 violentia
726 2152 816 2218 triste
838 2152 967 2217 leonum

152 2265 322 2334 seminium
344 2267 507 2349 sequitur,
522 2267 634 2351 volpes
657 2267 770 2352 dolus,
788 2274 820 2333 et
841 2266 921 2350 fuga
942 2287 1072 2353 cervos,

71 2404 127 2453 744
152 2387 186 2448 et
205 2381 269 2446 iam
291 2387 397 2448 cetera
418 2382 458 2446 de
480 2400 599 2466 genere
623 2381 685 2446 hoc
707 2402 762 2446 cur
785 2383 894 2448 omnia
915 2383 1066 2449 membris

152 2517 193 2565 ex
214 2497 343 2562 ineunte
365 2516 446 2562 aevo
469 2502 682 2580 generascunt
704 2497 917 2581 ingenioque,

153 2613 182 2680 si
201 2633 287 2697 non,
303 2617 388 2677 certa
410 2632 469 2677 suo
493 2612 568 2694 quia
590 2611 711 2676 semine
734 2612 931 2692 seminioque

151 2730 201 2796 vis
223 2728 323 2794 animi
344 2727 464 2812 pariter
487 2727 601 2793 crescit
623 2747 693 2793 cum
717 2746 850 2810 corpore
870 2728 965 2792 toto?

152 2844 239 2929 quod
261 2843 288 2910 si
310 2842 487 2909 inmortalis
510 2843 593 2909 foret
616 2850 648 2909 et
670 2848 794 2907 mutare
818 2821 935 2908 soleret

152 2978 308 3045 corpora,
323 2959 488 3043 permixtis
509 2959 687 3024 animantes
711 2959 852 3024 moribus
873 2963 999 3041 esseut,

69 3076 309 3158 rso'effugeret
331 3073 420 3139 canis
441 3073 594 3158 Hyrcano
618 3072 660 3139 de
684 3074 805 3138 semine
829 3092 927 3157 saepe

152 3189 311 3275 cornigeri
332 3191 493 3254 incursum
515 3186 620 3271 cervi,
636 3192 847 3268 tremeretque
869 3207 926 3271 per
948 3207 1045 3253 auras

150 3304 236 3371 aeris
258 3304 409 3389 accipiter
431 3302 557 3387 fugiens
579 3303 726 3369 veniente
748 3302 917 3386 columba,

152 3420 336 3504 desiperent
356 3418 520 3502 homines,
538 3424 688 3501 saperent
711 3418 779 3483 fera
802 3417 909 3482 saecla
931 3415 1092 3481 ferarum.

152 3535 231 3600 illud
256 3534 341 3600 enim
362 3534 446 3599 falsa
467 3534 566 3599 fertur
589 3534 732 3611 ratione,
749 3531 835 3614 quod
857 3533 949 3597 aiunt

75 3674 127 3722 ros
151 3650 349 3717 inmortalem
372 3651 513 3715 animam
534 3655 654 3713 mutato
677 3667 811 3733 corpore
834 3646 937 3712 flecti:

151 3766 238 3850 quod
259 3769 400 3830 mutatur
421 3766 506 3831 enim
528 3764 713 3830 dissolvitur
727 3815 734 3842 ‚
749 3762 856 3828 interit
878 3780 977 3844 ergo.

149 3881 336 3950 traiciuntur
358 3881 442 3946 enim
464 3860 574 3966 partes¹
596 3885 693 3963 atque
716 3878 827 3945 ordine
849 3877 1007 3962 migraut3

156 4153 205 4201 782
224 4151 334 4215 alguque
354 4147 367 4219 ΙΙ
390 4152 439 4200 734
452 4159 560 4215 contage
581 4147 594 4218 ll
617 4151 665 4198 736
685 4163 733 4211 que
754 4145 767 4216 Η
790 4149 838 4197 738
857 4155 886 4198 ut
897 4147 999 4212 quicum
1020 4144 1033 4216 Η
1055 4147 1104 4195 740
1117 4157 1240 4195 consensu
1261 4139 1273 4214 ΙΙ

157 4240 206 4291 743
224 4238 251 4289 Δ
268 4238 383 4306 patribus
401 4239 475 4292 datur
493 4246 518 4290 et
536 4254 552 4288 a
567 4237 664 4306 patrius
682 4252 761 4306 psvor
780 4236 871 4291 incitat
882 4230 973 4290 artus.
1330 4233 1332 4237 ’
