2678 4658
610 255 668 318 llll

68 430 101 490 et
124 446 186 508 quo
210 445 349 509 eumque
372 428 479 492 oeulos
503 427 684 491 traiecimus
708 427 814 492 omnia
837 427 914 494 ferri

10 560 44 608 nn
70 547 103 604 et
125 540 225 606 fluere
247 540 387 606 adsimili
410 541 502 607 nobis
525 542 648 606 ratione
670 541 836 607 videntur.

67 655 209 740 porticus
233 657 365 738 aequali
388 657 533 741 quamvis
557 664 605 724 est
627 657 766 740 denique
790 659 885 724 ductu

69 777 225 854 stansque
248 772 490 857 inperpetuum
514 775 644 857 paribus
667 775 798 840 suffulta
822 775 997 862 columnis,

68 887 168 969 longa
190 894 301 953 tamen
323 895 414 973 parte
437 891 479 954 ab
503 911 626 955 summa
650 909 721 954 oum
743 895 810 956 tota
832 891 975 971 videtur,

69 1003 227 1088 paulatim
251 1004 351 1069 trahit
374 1005 498 1088 augusti
522 1004 653 1090 fastigia
677 1005 768 1085 coni,

10 1135 47 1183 rto
69 1123 153 1183 teoto
176 1119 248 1185 solo
271 1119 410 1202 iungens
433 1127 529 1203 atque
553 1121 660 1186 omnia
683 1121 816 1187 dextera
838 1122 941 1187 laevis

69 1232 174 1299 donee
195 1234 231 1299 in
255 1237 424 1301 obscurum
446 1236 518 1301 eoni
542 1236 694 1302 conduxit
716 1257 868 1302 acumen.

69 1324 101 1412 in
123 1349 249 1433 pelago
273 1351 377 1416 nautis
401 1370 442 1416 ex
464 1350 558 1416 undis
581 1358 667 1417 ortus
690 1351 724 1417 in
745 1352 840 1417 undis

70 1463 115 1527 sol
138 1464 177 1528 fit
199 1464 244 1529 uti
267 1465 412 1531 videatur
435 1466 524 1531 obire
547 1473 577 1529 et
600 1465 735 1531 condere
758 1466 887 1550 lumen;

67 1579 187 1666 quippe
210 1582 266 1647 ubi
289 1582 334 1645 nil
357 1581 444 1646 aliud
468 1581 529 1646 nisi
553 1602 669 1663 aquarn
693 1582 881 1664 caelumque
903 1587 1049 1667 tuentur3

16 1712 50 1761 oo
68 1715 105 1762 ne
128 1696 248 1762 leviter
271 1698 388 1763 eredas
409 1697 601 1763 labefactari
624 1697 765 1780 undique
789 1718 923 1763 sensus.

71 1813 223 1878 mutaris
245 1812 367 1896 ignaris
389 1813 540 1899 inportu
564 1813 679 1878 clauda
703 1813 850 1878 videntur

77 1927 200 2011 mrigia
226 1929 380 2012 aplustris
402 1928 511 1995 fractis
535 1928 670 1993 obnitier
692 1927 819 1992 undae.

74 2060 139 2107 nam
165 2063 254 2125 quae
278 2063 411 2126 eumque
434 2065 531 2128 supra
553 2063 657 2108 rorem
679 2042 757 2108 salis
780 2042 865 2106 edita
887 2063 963 2126 pars
988 2051 1037 2110 est

69 2176 252 2242 remorum,
269 2165 356 2224 reeta
380 2166 447 2240 est,
464 2165 495 2224 et
518 2152 604 2225 reotu
626 2177 762 2242 superne
784 2159 949 2241 guberna:

17 2288 54 2338 oo
72 2293 153 2357 quae
179 2273 329 2339 demersa
351 2275 509 2357 liquorem
532 2276 670 2357 obeunt,
687 2274 825 2339 refracta
847 2275 995 2340 videntur

70 2390 179 2455 omnia
201 2389 347 2454 converti
369 2411 556 2472 sursumque
580 2389 695 2474 supina
717 2389 836 2454 reverti

70 2509 100 2568 et
120 2503 254 2569 reflexu·
269 2523 369 2589 prope
392 2504 424 2568 in
447 2525 570 2571 summo
593 2505 716 2569 fluitare
739 2504 885 2586 liquore.

71 2634 212 2703 raroque
235 2637 294 2704 per
316 2619 437 2684 eaelum
461 2640 532 2685 curn
554 2620 642 2685 venti
665 2618 775 2684 nubila
797 2624 924 2702 portant

70 2738 214 2819 ternpore
237 2739 412 2813 nocturno,
428 2740 495 2799 tum
518 2734 688 2819 splendida
710 2734 802 2818 signa
824 2732 972 2798 videntur

15 2861 50 2912 lo
70 2834 173 2914 lallier
196 2847 368 2914 advorsum
390 2850 516 2916 nimbos
539 2855 635 2933 atque
657 2850 704 2915 ire
728 2868 865 2932 superne

70 2961 166 3049 longe
188 2961 289 3028 aliam
312 2963 345 3028 in
368 2972 489 3050 partem
512 2985 549 3030 ao
572 2984 649 3029 vera
671 2965 794 3029 ratione
816 2963 980 3028 feruntur.

69 3084 102 3142 at
122 3079 152 3144 si
175 3078 261 3144 forte
283 3080 376 3144 ooulo
399 3101 512 3146 manus
534 3082 589 3145 uni
612 3079 741 3144 subdita
763 3084 873 3162 supter

70 3192 188 3274 pressit
211 3212 304 3269 eum,
322 3193 462 3275 quodam
485 3215 580 3261 sensu
603 3195 637 3259 fit
658 3195 704 3259 uti
725 3193 896 3258 videantur

71 3306 196 3391 omnia,
214 3325 299 3389 quas
320 3306 457 3393 tuimur,
473 3309 541 3375 fieri
563 3317 629 3374 tum
651 3310 727 3375 bina
749 3308 890 3384 tuendo,

14 3434 50 3485 oo
70 3420 145 3486 bina
166 3421 372 3487 lucernarum
394 3421 543 3489 florentio
565 3424 686 3488 lumina
707 3422 863 3504 flanmris,

69 3534 210 3618 binaque
232 3555 291 3621 per
313 3541 397 3601 totas
420 3537 513 3603 aedis
536 3540 699 3620 geminare
722 3536 887 3623 supellex,

69 3657 99 3715 et
120 3649 262 3735 duplicis
285 3651 450 3716 hominum
471 3652 575 3719 faoies
598 3660 630 3719 et
652 3671 787 3737 corpora
809 3651 903 3715 bina.

68 3762 210 3848 deniqne
231 3785 305 3832 erun
328 3767 418 3832 suavi
440 3767 582 3833 devinxit
603 3768 749 3833 membra
771 3783 889 3851 sopore

67 3900 198 3947 somnus
222 3885 256 3946 et
276 3880 311 3945 in
332 3901 459 3969 summa
481 3903 596 3968 eorpus
618 3882 701 3947 iacet
723 3900 817 3946 omne
840 3878 966 3962 quiete,

69 4156 119 4206 429
137 4155 235 4222 cogni.
261 4150 276 4223 Η
302 4154 355 4203 436
374 4153 400 4201 A
424 4151 436 4220 ll
463 4158 512 4204 437
534 4155 614 4203 fuctus
634 4150 647 4221 Η
667 4156 764 4203 undas.
788 4150 803 4221 ΙΙ
828 4156 879 4204 440
898 4153 996 4214 liquore
1024 4149 1038 4218 ΙΙ
1064 4151 1114 4198 446
1133 4162 1198 4210 oque

74 4242 172 4295 mione
191 4241 207 4314 Η
226 4243 281 4293 448
300 4248 331 4290 ut
350 4236 364 4308 ΙΙ
385 4243 435 4290 453
454 4257 501 4291 suo
518 4243 587 4291 videt
604 4241 687 4289 vinxit

976 4340 996 4403 9
