<?xml version="1.0" encoding="UTF-8"?>
<!DOCTYPE html PUBLIC "-//W3C//DTD XHTML 1.0 Transitional//EN"
    "http://www.w3.org/TR/xhtml1/DTD/xhtml1-transitional.dtd">
<html xmlns="http://www.w3.org/1999/xhtml" xml:lang="en" lang="en">
 <head>
  <title>
</title>
<meta http-equiv="Content-Type" content="text/html;charset=utf-8" />
  <meta name='ocr-system' content='tesseract 3.04.00' />
  <meta name='ocr-capabilities' content='ocr_page ocr_carea ocr_par ocr_line ocrx_word'/>
</head>
<body>
  <div class='ocr_page' id='page_1' title='image "./tlucreticarider15carugoog_0069.png"; bbox 0 0 2744 4658; ppageno 0'>
   <div class='ocr_carea' id='block_1_1' title="bbox 157 219 738 291">
    <p class='ocr_par' dir='ltr' id='par_1_1' title="bbox 157 219 738 291">
     <span class='ocr_line' id='line_1_1' title="bbox 157 219 738 291; baseline -0.012 0"><span class='ocrx_word' id='word_1_1' title='bbox 157 225 200 291; x_wconf 86' lang='grc'>64</span> <span class='ocrx_word' id='word_1_2' title='bbox 705 219 738 284; x_wconf 88' lang='grc' dir='ltr'><strong>Π</strong></span> 
     </span>
    </p>
   </div>
   <div class='ocr_carea' id='block_1_2' title="bbox 63 377 1142 3926">
    <p class='ocr_par' dir='ltr' id='par_1_2' title="bbox 154 377 1139 817">
     <span class='ocr_line' id='line_1_2' title="bbox 154 377 1139 474; baseline 0 -19"><span class='ocrx_word' id='word_1_3' title='bbox 154 392 237 457; x_wconf 90' lang='lat' dir='ltr'>inter</span> <span class='ocrx_word' id='word_1_4' title='bbox 258 410 293 456; x_wconf 89' lang='lat' dir='ltr'>sc</span> <span class='ocrx_word' id='word_1_5' title='bbox 315 391 443 474; x_wconf 79' lang='lat' dir='ltr'><strong>genitae</strong></span> <span class='ocrx_word' id='word_1_6' title='bbox 465 411 517 456; x_wconf 90' lang='lat' dir='ltr'>res</span> <span class='ocrx_word' id='word_1_7' title='bbox 541 409 707 472; x_wconf 87' lang='lat' dir='ltr'>quaeque,</span> <span class='ocrx_word' id='word_1_8' title='bbox 725 391 769 454; x_wconf 87' lang='lat' dir='ltr'>ita</span> <span class='ocrx_word' id='word_1_9' title='bbox 792 377 954 472; x_wconf 87' lang='lat' dir='ltr'>quamque</span> <span class='ocrx_word' id='word_1_10' title='bbox 977 396 1139 458; x_wconf 80' lang='lat' dir='ltr'>necessest</span> 
     </span>
     <span class='ocr_line' id='line_1_3' title="bbox 156 503 867 588; baseline -0.003 -18"><span class='ocrx_word' id='word_1_11' title='bbox 156 505 304 571; x_wconf 82' lang='lat' dir='ltr'>dissimili</span> <span class='ocrx_word' id='word_1_12' title='bbox 326 512 472 570; x_wconf 81' lang='lat' dir='ltr'>constare</span> <span class='ocrx_word' id='word_1_13' title='bbox 494 504 596 587; x_wconf 90' lang='lat' dir='ltr'>figura</span> <span class='ocrx_word' id='word_1_14' title='bbox 617 503 867 588; x_wconf 68' lang='lat' dir='ltr'>principiorum</span> 
     </span>
     <span class='ocr_line' id='line_1_4' title="bbox 157 617 1078 704; baseline 0.001 -20"><span class='ocrx_word' id='word_1_15' title='bbox 157 641 220 685; x_wconf 91' lang='lat' dir='ltr'>non</span> <span class='ocrx_word' id='word_1_16' title='bbox 243 640 305 702; x_wconf 95' lang='lat' dir='ltr'>quo</span> <span class='ocrx_word' id='word_1_17' title='bbox 327 621 427 684; x_wconf 88' lang='lat' dir='ltr'>multa</span> <span class='ocrx_word' id='word_1_18' title='bbox 449 639 561 702; x_wconf 90' lang='lat' dir='ltr'>parum</span> <span class='ocrx_word' id='word_1_19' title='bbox 583 617 677 683; x_wconf 89' lang='lat' dir='ltr'>simili</span> <span class='ocrx_word' id='word_1_20' title='bbox 701 620 764 684; x_wconf 91' lang='lat' dir='ltr'>sint</span> <span class='ocrx_word' id='word_1_21' title='bbox 786 618 934 704; x_wconf 87' lang='lat' dir='ltr'>praedita</span> <span class='ocrx_word' id='word_1_22' title='bbox 955 618 1078 704; x_wconf 84' lang='lat' dir='ltr'>forma,</span> 
     </span>
     <span class='ocr_line' id='line_1_5' title="bbox 157 732 1121 817; baseline -0.001 -16"><span class='ocrx_word' id='word_1_23' title='bbox 157 735 215 801; x_wconf 91' lang='lat' dir='ltr'>sed</span> <span class='ocrx_word' id='word_1_24' title='bbox 238 734 312 817; x_wconf 84' lang='lat' dir='ltr'>quia</span> <span class='ocrx_word' id='word_1_25' title='bbox 334 754 398 798; x_wconf 91' lang='lat' dir='ltr'>non</span> <span class='ocrx_word' id='word_1_26' title='bbox 420 733 516 816; x_wconf 89' lang='lat' dir='ltr'>volgo</span> <span class='ocrx_word' id='word_1_27' title='bbox 539 733 632 817; x_wconf 87' lang='lat' dir='ltr'>paria</span> <span class='ocrx_word' id='word_1_28' title='bbox 655 733 802 798; x_wconf 89' lang='lat' dir='ltr'>omnibus</span> <span class='ocrx_word' id='word_1_29' title='bbox 825 732 934 798; x_wconf 89' lang='lat' dir='ltr'>omnia</span> <span class='ocrx_word' id='word_1_30' title='bbox 956 740 1121 800; x_wconf 83' lang='lat' dir='ltr'>constent:</span> 
     </span>
    </p>

    <p class='ocr_par' dir='ltr' id='par_1_3' title="bbox 84 847 1013 1391">
     <span class='ocr_line' id='line_1_6' title="bbox 84 847 987 932; baseline -0.007 -14"><span class='ocrx_word' id='word_1_31' title='bbox 84 870 132 918; x_wconf 79' lang='lat' dir='ltr'>rae</span> <span class='ocrx_word' id='word_1_32' title='bbox 158 849 281 916; x_wconf 90' lang='lat' dir='ltr'>semina</span> <span class='ocrx_word' id='word_1_33' title='bbox 303 869 374 915; x_wconf 91' lang='lat' dir='ltr'>cum</span> <span class='ocrx_word' id='word_1_34' title='bbox 395 869 491 932; x_wconf 91' lang='lat' dir='ltr'>porro</span> <span class='ocrx_word' id='word_1_35' title='bbox 514 847 653 925; x_wconf 89' lang='lat' dir='ltr'>distent,</span> <span class='ocrx_word' id='word_1_36' title='bbox 670 848 798 914; x_wconf 85' lang='lat' dir='ltr'>differre</span> <span class='ocrx_word' id='word_1_37' title='bbox 821 854 987 915; x_wconf 83' lang='lat' dir='ltr'>necessust</span> 
     </span>
     <span class='ocr_line' id='line_1_7' title="bbox 156 963 964 1059; baseline -0.004 -29"><span class='ocrx_word' id='word_1_38' title='bbox 156 965 343 1048; x_wconf 88' lang='lat' dir='ltr'>intervalla,</span> <span class='ocrx_word' id='word_1_39' title='bbox 361 964 450 1040; x_wconf 92' lang='lat' dir='ltr'>vias,</span> <span class='ocrx_word' id='word_1_40' title='bbox 467 983 609 1028; x_wconf 84' lang='lat' dir='ltr'>conexus</span> <span class='ocrx_word' id='word_1_41' title='bbox 621 1012 628 1047; x_wconf 84' lang='lat'>,</span> <span class='ocrx_word' id='word_1_42' title='bbox 642 963 808 1059; x_wconf 88' lang='lat' dir='ltr'>pondera,</span> <span class='ocrx_word' id='word_1_43' title='bbox 825 964 964 1047; x_wconf 84' lang='lat' dir='ltr'>plagas,</span> 
     </span>
     <span class='ocr_line' id='line_1_8' title="bbox 156 1077 975 1159; baseline -0.006 -14"><span class='ocrx_word' id='word_1_44' title='bbox 156 1098 351 1155; x_wconf 81' lang='lat' dir='ltr'>concursus,</span> <span class='ocrx_word' id='word_1_45' title='bbox 367 1083 492 1156; x_wconf 89' lang='lat' dir='ltr'>motus;</span> <span class='ocrx_word' id='word_1_46' title='bbox 509 1097 592 1159; x_wconf 71' lang='lat' dir='ltr'>qums</span> <span class='ocrx_word' id='word_1_47' title='bbox 614 1098 678 1141; x_wconf 91' lang='lat' dir='ltr'>non</span> <span class='ocrx_word' id='word_1_48' title='bbox 699 1077 851 1143; x_wconf 85' lang='lat' dir='ltr'>animalia</span> <span class='ocrx_word' id='word_1_49' title='bbox 872 1079 975 1143; x_wconf 90' lang='lat' dir='ltr'>solum</span> 
     </span>
     <span class='ocr_line' id='line_1_9' title="bbox 158 1193 995 1278; baseline -0.005 -18"><span class='ocrx_word' id='word_1_50' title='bbox 158 1214 293 1278; x_wconf 88' lang='lat' dir='ltr'>corpora</span> <span class='ocrx_word' id='word_1_51' title='bbox 315 1194 504 1276; x_wconf 88' lang='lat' dir='ltr'>seiungunt,</span> <span class='ocrx_word' id='word_1_52' title='bbox 521 1193 578 1258; x_wconf 90' lang='lat' dir='ltr'>sed</span> <span class='ocrx_word' id='word_1_53' title='bbox 600 1200 703 1258; x_wconf 86' lang='lat' dir='ltr'>terras</span> <span class='ocrx_word' id='word_1_54' title='bbox 725 1213 763 1258; x_wconf 87' lang='lat' dir='ltr'>ac</span> <span class='ocrx_word' id='word_1_55' title='bbox 785 1213 873 1259; x_wconf 88' lang='lat' dir='ltr'>marc</span> <span class='ocrx_word' id='word_1_56' title='bbox 895 1199 995 1258; x_wconf 92' lang='lat' dir='ltr'>toturn</span> 
     </span>
     <span class='ocr_line' id='line_1_10' title="bbox 159 1308 1013 1391; baseline -0.005 -15"><span class='ocrx_word' id='word_1_57' title='bbox 159 1314 328 1375; x_wconf 88' lang='lat' dir='ltr'>secernunt</span> <span class='ocrx_word' id='word_1_58' title='bbox 350 1308 537 1391; x_wconf 89' lang='lat' dir='ltr'>caelumque</span> <span class='ocrx_word' id='word_1_59' title='bbox 560 1329 580 1372; x_wconf 91' lang='lat' dir='ltr'>a</span> <span class='ocrx_word' id='word_1_60' title='bbox 603 1308 694 1373; x_wconf 89' lang='lat' dir='ltr'>terris</span> <span class='ocrx_word' id='word_1_61' title='bbox 718 1328 811 1373; x_wconf 89' lang='lat' dir='ltr'>omne</span> <span class='ocrx_word' id='word_1_62' title='bbox 835 1314 1013 1375; x_wconf 87' lang='lat' dir='ltr'>retentant.</span> 
     </span>
    </p>

    <p class='ocr_par' dir='ltr' id='par_1_4' title="bbox 85 1422 985 1505">
     <span class='ocr_line' id='line_1_11' title="bbox 85 1422 985 1505; baseline -0.006 -10"><span class='ocrx_word' id='word_1_63' title='bbox 85 1422 985 1505; x_wconf 52' lang='lat' dir='ltr'>tmmmmwffiwwm</span> 
     </span>
    </p>

    <p class='ocr_par' dir='ltr' id='par_1_5' title="bbox 63 1537 1077 1966">
     <span class='ocr_line' id='line_1_12' title="bbox 63 1537 967 1625; baseline -0.002 -21"><span class='ocrx_word' id='word_1_64' title='bbox 63 1565 65 1567; x_wconf 89' lang='lat'>·</span> <span class='ocrx_word' id='word_1_65' title='bbox 158 1540 287 1625; x_wconf 87' lang='lat' dir='ltr'>percipe</span> <span class='ocrx_word' id='word_1_66' title='bbox 302 1587 310 1616; x_wconf 91' lang='lat'><strong>‚</strong></span> <span class='ocrx_word' id='word_1_67' title='bbox 326 1557 366 1603; x_wconf 92' lang='lat' dir='ltr'>ne</span> <span class='ocrx_word' id='word_1_68' title='bbox 388 1537 472 1602; x_wconf 87' lang='lat' dir='ltr'>forte</span> <span class='ocrx_word' id='word_1_69' title='bbox 495 1537 576 1602; x_wconf 89' lang='lat' dir='ltr'>baec</span> <span class='ocrx_word' id='word_1_70' title='bbox 599 1538 682 1603; x_wconf 88' lang='lat' dir='ltr'>albis</span> <span class='ocrx_word' id='word_1_71' title='bbox 705 1557 745 1603; x_wconf 85' lang='lat' dir='ltr'>ex</span> <span class='ocrx_word' id='word_1_72' title='bbox 768 1540 844 1604; x_wconf 89' lang='lat' dir='ltr'>alba</span> <span class='ocrx_word' id='word_1_73' title='bbox 866 1539 967 1616; x_wconf 79' lang='lat' dir='ltr'>rearis</span> 
     </span>
     <span class='ocr_line' id='line_1_13' title="bbox 158 1652 1077 1740; baseline 0 -22"><span class='ocrx_word' id='word_1_74' title='bbox 158 1652 323 1740; x_wconf 89' lang='lat' dir='ltr'>principiis</span> <span class='ocrx_word' id='word_1_75' title='bbox 346 1672 436 1731; x_wconf 89' lang='lat' dir='ltr'>esse,</span> <span class='ocrx_word' id='word_1_76' title='bbox 455 1659 530 1719; x_wconf 90' lang='lat' dir='ltr'>ante</span> <span class='ocrx_word' id='word_1_77' title='bbox 553 1654 662 1718; x_wconf 88' lang='lat' dir='ltr'>oculos</span> <span class='ocrx_word' id='word_1_78' title='bbox 686 1671 767 1735; x_wconf 91' lang='lat' dir='ltr'>quae</span> <span class='ocrx_word' id='word_1_79' title='bbox 790 1653 929 1717; x_wconf 88' lang='lat' dir='ltr'>candida</span> <span class='ocrx_word' id='word_1_80' title='bbox 952 1653 1077 1732; x_wconf 87' lang='lat' dir='ltr'>cernis,</span> 
     </span>
     <span class='ocr_line' id='line_1_14' title="bbox 159 1768 967 1854; baseline -0.002 -19"><span class='ocrx_word' id='word_1_81' title='bbox 159 1776 215 1835; x_wconf 89' lang='lat' dir='ltr'>aut</span> <span class='ocrx_word' id='word_1_82' title='bbox 237 1790 276 1835; x_wconf 90' lang='lat' dir='ltr'>ea</span> <span class='ocrx_word' id='word_1_83' title='bbox 298 1789 379 1851; x_wconf 89' lang='lat' dir='ltr'>quae</span> <span class='ocrx_word' id='word_1_84' title='bbox 402 1769 529 1850; x_wconf 83' lang='lat' dir='ltr'>nigrant</span> <span class='ocrx_word' id='word_1_85' title='bbox 549 1769 641 1854; x_wconf 87' lang='lat' dir='ltr'>nigro</span> <span class='ocrx_word' id='word_1_86' title='bbox 663 1768 703 1833; x_wconf 91' lang='lat' dir='ltr'>de</span> <span class='ocrx_word' id='word_1_87' title='bbox 727 1768 848 1833; x_wconf 90' lang='lat' dir='ltr'>semine</span> <span class='ocrx_word' id='word_1_88' title='bbox 870 1775 967 1852; x_wconf 88' lang='lat' dir='ltr'>nata;</span> 
     </span>
     <span class='ocr_line' id='line_1_15' title="bbox 158 1883 997 1966; baseline 0 -17"><span class='ocrx_word' id='word_1_89' title='bbox 158 1884 230 1949; x_wconf 86' lang='lat' dir='ltr'>nive</span> <span class='ocrx_word' id='word_1_90' title='bbox 253 1884 350 1948; x_wconf 89' lang='lat' dir='ltr'>alium</span> <span class='ocrx_word' id='word_1_91' title='bbox 373 1885 537 1966; x_wconf 84' lang='lat' dir='ltr'>quemvis,</span> <span class='ocrx_word' id='word_1_92' title='bbox 553 1906 616 1966; x_wconf 91' lang='lat' dir='ltr'>qno</span> <span class='ocrx_word' id='word_1_93' title='bbox 640 1890 713 1950; x_wconf 90' lang='lat' dir='ltr'>sunt</span> <span class='ocrx_word' id='word_1_94' title='bbox 734 1883 846 1949; x_wconf 89' lang='lat' dir='ltr'>inbuta</span> <span class='ocrx_word' id='word_1_95' title='bbox 869 1885 997 1962; x_wconf 88' lang='lat' dir='ltr'>colore,</span> 
     </span>
    </p>

    <p class='ocr_par' dir='ltr' id='par_1_6' title="bbox 85 1997 993 2338">
     <span class='ocr_line' id='line_1_16' title="bbox 85 1997 993 2084; baseline -0.007 -16"><span class='ocrx_word' id='word_1_96' title='bbox 85 2021 133 2068; x_wconf 78' lang='lat'>735</span> <span class='ocrx_word' id='word_1_97' title='bbox 158 2005 328 2084; x_wconf 90' lang='lat' dir='ltr'>propterea</span> <span class='ocrx_word' id='word_1_98' title='bbox 351 2019 463 2081; x_wconf 85' lang='lat' dir='ltr'>gerere</span> <span class='ocrx_word' id='word_1_99' title='bbox 487 2000 569 2063; x_wconf 90' lang='lat' dir='ltr'>bunc</span> <span class='ocrx_word' id='word_1_100' title='bbox 591 1997 724 2083; x_wconf 86' lang='lat' dir='ltr'>credas,</span> <span class='ocrx_word' id='word_1_101' title='bbox 742 2000 826 2081; x_wconf 93' lang='lat' dir='ltr'>quod</span> <span class='ocrx_word' id='word_1_102' title='bbox 851 1998 993 2064; x_wconf 90' lang='lat' dir='ltr'>materiai</span> 
     </span>
     <span class='ocr_line' id='line_1_17' title="bbox 159 2112 925 2200; baseline -0.004 -19"><span class='ocrx_word' id='word_1_103' title='bbox 159 2136 296 2200; x_wconf 87' lang='lat' dir='ltr'>corpora</span> <span class='ocrx_word' id='word_1_104' title='bbox 319 2114 475 2180; x_wconf 88' lang='lat' dir='ltr'>consimili</span> <span class='ocrx_word' id='word_1_105' title='bbox 498 2114 560 2178; x_wconf 88' lang='lat' dir='ltr'>sint</span> <span class='ocrx_word' id='word_1_106' title='bbox 582 2112 652 2178; x_wconf 88' lang='lat' dir='ltr'>eius</span> <span class='ocrx_word' id='word_1_107' title='bbox 675 2112 772 2177; x_wconf 86' lang='lat' dir='ltr'>tincta</span> <span class='ocrx_word' id='word_1_108' title='bbox 794 2113 925 2179; x_wconf 91' lang='lat' dir='ltr'>colore:</span> 
     </span>
     <span class='ocr_line' id='line_1_18' title="bbox 160 2228 869 2338; baseline -0.003 -43"><span class='ocrx_word' id='word_1_109' title='bbox 160 2232 265 2296; x_wconf 91' lang='lat' dir='ltr'>nullus</span> <span class='ocrx_word' id='word_1_110' title='bbox 286 2228 371 2294; x_wconf 88' lang='lat' dir='ltr'>enim</span> <span class='ocrx_word' id='word_1_111' title='bbox 394 2229 482 2294; x_wconf 88' lang='lat' dir='ltr'>color</span> <span class='ocrx_word' id='word_1_112' title='bbox 504 2233 552 2293; x_wconf 90' lang='lat' dir='ltr'>est</span> <span class='ocrx_word' id='word_1_113' title='bbox 575 2228 702 2292; x_wconf 90' lang='lat' dir='ltr'>omnino</span> <span class='ocrx_word' id='word_1_114' title='bbox 725 2230 869 2338; x_wconf 71' lang='lat' dir='ltr'>nuptoriai</span> 
     </span>
    </p>

    <p class='ocr_par' dir='ltr' id='par_1_7' title="bbox 112 2345 1123 2431">
     <span class='ocr_line' id='line_1_19' title="bbox 112 2345 1123 2431; baseline -0.002 -18"><span class='ocrx_word' id='word_1_115' title='bbox 112 2380 117 2387; x_wconf 52' lang='lat'><strong><em>⁴</em></strong></span> <span class='ocrx_word' id='word_1_116' title='bbox 148 2345 366 2431; x_wconf 87' lang='lat' dir='ltr'>corporibus,</span> <span class='ocrx_word' id='word_1_117' title='bbox 383 2363 484 2424; x_wconf 89' lang='lat' dir='ltr'>neque</span> <span class='ocrx_word' id='word_1_118' title='bbox 506 2363 565 2427; x_wconf 86' lang='lat' dir='ltr'>par</span> <span class='ocrx_word' id='word_1_119' title='bbox 588 2345 683 2409; x_wconf 85' lang='lat' dir='ltr'>rebus</span> <span class='ocrx_word' id='word_1_120' title='bbox 705 2364 809 2427; x_wconf 86' lang='lat' dir='ltr'>neque</span> <span class='ocrx_word' id='word_1_121' title='bbox 832 2345 970 2428; x_wconf 91' lang='lat' dir='ltr'>denique</span> <span class='ocrx_word' id='word_1_122' title='bbox 994 2345 1123 2430; x_wconf 82' lang='lat' dir='ltr'>dispar.</span> 
     </span>
    </p>

    <p class='ocr_par' dir='ltr' id='par_1_8' title="bbox 159 2458 963 2543">
     <span class='ocr_line' id='line_1_20' title="bbox 159 2458 963 2543; baseline -0.001 -16"><span class='ocrx_word' id='word_1_123' title='bbox 159 2463 192 2527; x_wconf 94' lang='lat' dir='ltr'>in</span> <span class='ocrx_word' id='word_1_124' title='bbox 215 2479 298 2543; x_wconf 86' lang='lat' dir='ltr'>quae</span> <span class='ocrx_word' id='word_1_125' title='bbox 321 2479 455 2543; x_wconf 87' lang='lat' dir='ltr'>corpora</span> <span class='ocrx_word' id='word_1_126' title='bbox 477 2458 503 2523; x_wconf 94' lang='lat' dir='ltr'>si</span> <span class='ocrx_word' id='word_1_127' title='bbox 526 2458 632 2523; x_wconf 91' lang='lat' dir='ltr'>nullus</span> <span class='ocrx_word' id='word_1_128' title='bbox 655 2460 710 2523; x_wconf 93' lang='lat' dir='ltr'>tibi</span> <span class='ocrx_word' id='word_1_129' title='bbox 733 2459 815 2525; x_wconf 85' lang='lat' dir='ltr'>forte</span> <span class='ocrx_word' id='word_1_130' title='bbox 839 2460 963 2526; x_wconf 91' lang='lat' dir='ltr'>videtur</span> 
     </span>
    </p>

    <p class='ocr_par' dir='ltr' id='par_1_9' title="bbox 86 2573 1045 2891">
     <span class='ocr_line' id='line_1_21' title="bbox 86 2573 1016 2662; baseline -0.006 -16"><span class='ocrx_word' id='word_1_131' title='bbox 86 2600 135 2646; x_wconf 80' lang='grc'><strong>740</strong></span> <span class='ocrx_word' id='word_1_132' title='bbox 159 2596 254 2662; x_wconf 90' lang='lat' dir='ltr'>posse</span> <span class='ocrx_word' id='word_1_133' title='bbox 277 2575 373 2638; x_wconf 89' lang='lat' dir='ltr'>animi</span> <span class='ocrx_word' id='word_1_134' title='bbox 397 2574 529 2640; x_wconf 87' lang='lat' dir='ltr'>iniectus</span> <span class='ocrx_word' id='word_1_135' title='bbox 551 2573 640 2659; x_wconf 82' lang='lat' dir='ltr'>fieri,</span> <span class='ocrx_word' id='word_1_136' title='bbox 656 2575 767 2661; x_wconf 88' lang='lat' dir='ltr'>procul</span> <span class='ocrx_word' id='word_1_137' title='bbox 790 2574 884 2641; x_wconf 87' lang='lat' dir='ltr'>avius</span> <span class='ocrx_word' id='word_1_138' title='bbox 908 2597 1016 2643; x_wconf 86' lang='lat' dir='ltr'>erras.</span> 
     </span>
     <span class='ocr_line' id='line_1_22' title="bbox 161 2684 1045 2774; baseline -0.001 -18"><span class='ocrx_word' id='word_1_139' title='bbox 161 2713 235 2757; x_wconf 91' lang='lat' dir='ltr'>nam</span> <span class='ocrx_word' id='word_1_140' title='bbox 257 2684 329 2756; x_wconf 82' lang='lat' dir='ltr'>cum</span> <span class='ocrx_word' id='word_1_141' title='bbox 351 2690 534 2772; x_wconf 86' lang='lat' dir='ltr'>caecigeni‚</span> <span class='ocrx_word' id='word_1_142' title='bbox 552 2692 629 2756; x_wconf 86' lang='lat' dir='ltr'>solis</span> <span class='ocrx_word' id='word_1_143' title='bbox 652 2692 706 2773; x_wconf 89' lang='lat' dir='ltr'>qui</span> <span class='ocrx_word' id='word_1_144' title='bbox 726 2692 850 2756; x_wconf 89' lang='lat' dir='ltr'>lumina</span> <span class='ocrx_word' id='word_1_145' title='bbox 872 2713 1045 2774; x_wconf 84' lang='lat' dir='ltr'>numquam</span> 
     </span>
     <span class='ocr_line' id='line_1_23' title="bbox 162 2808 977 2891; baseline -0.002 -19"><span class='ocrx_word' id='word_1_146' title='bbox 162 2808 350 2891; x_wconf 71' lang='lat' dir='ltr'>dispersere,</span> <span class='ocrx_word' id='word_1_147' title='bbox 368 2812 475 2869; x_wconf 88' lang='lat' dir='ltr'>tamen</span> <span class='ocrx_word' id='word_1_148' title='bbox 498 2813 693 2886; x_wconf 80' lang='lat' dir='ltr'>cognoscant</span> <span class='ocrx_word' id='word_1_149' title='bbox 714 2827 851 2890; x_wconf 87' lang='lat' dir='ltr'>corpora</span> <span class='ocrx_word' id='word_1_150' title='bbox 872 2813 977 2884; x_wconf 86' lang='lat' dir='ltr'>tactu,</span> 
     </span>
    </p>

    <p class='ocr_par' dir='ltr' id='par_1_10' title="bbox 88 2920 1142 3464">
     <span class='ocr_line' id='line_1_24' title="bbox 88 2920 1142 3007; baseline -0.003 -18"><span class='ocrx_word' id='word_1_151' title='bbox 88 2944 136 2989; x_wconf 83' lang='grc'><strong>744</strong></span> <span class='ocrx_word' id='word_1_152' title='bbox 162 2921 243 2987; x_wconf 88' lang='lat' dir='ltr'>scire</span> <span class='ocrx_word' id='word_1_153' title='bbox 264 2920 340 2985; x_wconf 89' lang='lat' dir='ltr'>lioot</span> <span class='ocrx_word' id='word_1_154' title='bbox 360 2926 488 2984; x_wconf 89' lang='lat' dir='ltr'>nostrae</span> <span class='ocrx_word' id='word_1_155' title='bbox 512 2939 637 3000; x_wconf 91' lang='lat' dir='ltr'>quoque</span> <span class='ocrx_word' id='word_1_156' title='bbox 660 2922 758 2985; x_wconf 88' lang='lat' dir='ltr'>menti</span> <span class='ocrx_word' id='word_1_157' title='bbox 782 2943 918 3006; x_wconf 88' lang='lat' dir='ltr'>corpora</span> <span class='ocrx_word' id='word_1_158' title='bbox 939 2941 1036 3007; x_wconf 89' lang='lat' dir='ltr'>posse</span> <span class='ocrx_word' id='word_1_159' title='bbox 1135 2922 1142 2939; x_wconf 86' lang='grc'><em>“</em></span> 
     </span>
     <span class='ocr_line' id='line_1_25' title="bbox 160 3035 911 3103; baseline -0.001 -2"><span class='ocrx_word' id='word_1_160' title='bbox 160 3037 241 3103; x_wconf 85' lang='lat' dir='ltr'>vorti</span> <span class='ocrx_word' id='word_1_161' title='bbox 262 3038 295 3100; x_wconf 93' lang='lat' dir='ltr'>in</span> <span class='ocrx_word' id='word_1_162' title='bbox 317 3035 462 3099; x_wconf 89' lang='lat' dir='ltr'>notitiam</span> <span class='ocrx_word' id='word_1_163' title='bbox 486 3035 574 3098; x_wconf 92' lang='lat' dir='ltr'>nullo</span> <span class='ocrx_word' id='word_1_164' title='bbox 598 3035 715 3100; x_wconf 89' lang='lat' dir='ltr'>circum</span> <span class='ocrx_word' id='word_1_165' title='bbox 737 3037 794 3101; x_wconf 88' lang='lat' dir='ltr'>lita</span> <span class='ocrx_word' id='word_1_166' title='bbox 816 3037 911 3103; x_wconf 84' lang='lat' dir='ltr'>luco.</span> 
     </span>
     <span class='ocr_line' id='line_1_26' title="bbox 162 3148 1016 3232; baseline 0.001 -15"><span class='ocrx_word' id='word_1_167' title='bbox 162 3153 299 3232; x_wconf 87' lang='lat' dir='ltr'>denique</span> <span class='ocrx_word' id='word_1_168' title='bbox 322 3148 465 3232; x_wconf 89' lang='lat' dir='ltr'>nosipsi</span> <span class='ocrx_word' id='word_1_169' title='bbox 488 3148 593 3213; x_wconf 89' lang='lat' dir='ltr'>caecis</span> <span class='ocrx_word' id='word_1_170' title='bbox 615 3169 697 3232; x_wconf 87' lang='lat' dir='ltr'>quae</span> <span class='ocrx_word' id='word_1_171' title='bbox 720 3171 854 3232; x_wconf 87' lang='lat' dir='ltr'>cumque</span> <span class='ocrx_word' id='word_1_172' title='bbox 876 3153 1016 3218; x_wconf 88' lang='lat' dir='ltr'>tenebris</span> 
     </span>
     <span class='ocr_line' id='line_1_27' title="bbox 160 3263 982 3348; baseline 0.002 -18"><span class='ocrx_word' id='word_1_173' title='bbox 160 3267 341 3348; x_wconf 87' lang='lat' dir='ltr'>tangimus,</span> <span class='ocrx_word' id='word_1_174' title='bbox 359 3263 446 3328; x_wconf 90' lang='lat' dir='ltr'>haud</span> <span class='ocrx_word' id='word_1_175' title='bbox 468 3265 533 3328; x_wconf 91' lang='lat' dir='ltr'>ullo</span> <span class='ocrx_word' id='word_1_176' title='bbox 557 3265 710 3329; x_wconf 87' lang='lat' dir='ltr'>sentimus</span> <span class='ocrx_word' id='word_1_177' title='bbox 733 3267 831 3331; x_wconf 89' lang='lat' dir='ltr'>tincta</span> <span class='ocrx_word' id='word_1_178' title='bbox 854 3268 982 3332; x_wconf 89' lang='lat' dir='ltr'>colore.</span> 
     </span>
     <span class='ocr_line' id='line_1_28' title="bbox 163 3378 987 3464; baseline 0.001 -18"><span class='ocrx_word' id='word_1_179' title='bbox 163 3381 247 3464; x_wconf 91' lang='lat' dir='ltr'>quod</span> <span class='ocrx_word' id='word_1_180' title='bbox 270 3381 421 3463; x_wconf 91' lang='lat' dir='ltr'>quoniam</span> <span class='ocrx_word' id='word_1_181' title='bbox 442 3379 534 3443; x_wconf 86' lang='lat' dir='ltr'>vinco</span> <span class='ocrx_word' id='word_1_182' title='bbox 557 3378 645 3456; x_wconf 89' lang='lat' dir='ltr'>fiori,</span> <span class='ocrx_word' id='word_1_183' title='bbox 663 3401 746 3446; x_wconf 91' lang='lat' dir='ltr'>nunc</span> <span class='ocrx_word' id='word_1_184' title='bbox 769 3401 841 3447; x_wconf 88' lang='lat' dir='ltr'>csse</span> <span class='ocrx_word' id='word_1_185' title='bbox 864 3381 987 3447; x_wconf 86' lang='lat' dir='ltr'>docebo</span> 
     </span>
    </p>

    <p class='ocr_par' dir='ltr' id='par_1_11' title="bbox 88 3494 904 3567">
     <span class='ocr_line' id='line_1_29' title="bbox 88 3494 904 3567; baseline -0.006 0"><span class='ocrx_word' id='word_1_186' title='bbox 88 3520 137 3567; x_wconf 82' lang='grc'><strong>743</strong></span> <span class='ocrx_word' id='word_1_187' title='bbox 163 3519 202 3563; x_wconf 90' lang='lat' dir='ltr'>ex</span> <span class='ocrx_word' id='word_1_188' title='bbox 224 3497 353 3562; x_wconf 90' lang='lat' dir='ltr'>ineunte</span> <span class='ocrx_word' id='word_1_189' title='bbox 375 3515 454 3559; x_wconf 89' lang='lat' dir='ltr'>aevo</span> <span class='ocrx_word' id='word_1_190' title='bbox 476 3494 563 3558; x_wconf 90' lang='lat' dir='ltr'>nullo</span> <span class='ocrx_word' id='word_1_191' title='bbox 588 3495 755 3560; x_wconf 89' lang='lat' dir='ltr'>coniuncta</span> <span class='ocrx_word' id='word_1_192' title='bbox 778 3497 904 3562; x_wconf 89' lang='lat' dir='ltr'>colore.</span> 
     </span>
    </p>

    <p class='ocr_par' dir='ltr' id='par_1_12' title="bbox 88 3610 1044 3926">
     <span class='ocr_line' id='line_1_30' title="bbox 88 3610 994 3690; baseline -0.003 -10"><span class='ocrx_word' id='word_1_193' title='bbox 88 3635 136 3682; x_wconf 82' lang='grc'><strong>749</strong></span> <span class='ocrx_word' id='word_1_194' title='bbox 163 3612 265 3678; x_wconf 92' lang='lat' dir='ltr'>omnis</span> <span class='ocrx_word' id='word_1_195' title='bbox 288 3611 372 3677; x_wconf 91' lang='lat' dir='ltr'>enim</span> <span class='ocrx_word' id='word_1_196' title='bbox 395 3610 483 3676; x_wconf 92' lang='lat' dir='ltr'>color</span> <span class='ocrx_word' id='word_1_197' title='bbox 506 3611 634 3674; x_wconf 90' lang='lat' dir='ltr'>omnino</span> <span class='ocrx_word' id='word_1_198' title='bbox 656 3616 793 3675; x_wconf 86' lang='lat' dir='ltr'>mutatur</span> <span class='ocrx_word' id='word_1_199' title='bbox 815 3612 848 3675; x_wconf 90' lang='lat' dir='ltr'>in</span> <span class='ocrx_word' id='word_1_200' title='bbox 871 3611 994 3690; x_wconf 89' lang='lat' dir='ltr'>omnis;</span> 
     </span>
     <span class='ocr_line' id='line_1_31' title="bbox 162 3725 1044 3812; baseline 0.001 -21"><span class='ocrx_word' id='word_1_201' title='bbox 162 3727 247 3810; x_wconf 90' lang='lat' dir='ltr'>quod</span> <span class='ocrx_word' id='word_1_202' title='bbox 268 3726 374 3792; x_wconf 86' lang='lat' dir='ltr'>facere</span> <span class='ocrx_word' id='word_1_203' title='bbox 397 3725 480 3789; x_wconf 88' lang='lat' dir='ltr'>haud</span> <span class='ocrx_word' id='word_1_204' title='bbox 503 3726 568 3789; x_wconf 94' lang='lat' dir='ltr'>ullo</span> <span class='ocrx_word' id='word_1_205' title='bbox 592 3725 710 3790; x_wconf 87' lang='lat' dir='ltr'>debent</span> <span class='ocrx_word' id='word_1_206' title='bbox 731 3726 907 3810; x_wconf 91' lang='lat' dir='ltr'>primordia</span> <span class='ocrx_word' id='word_1_207' title='bbox 929 3734 1044 3812; x_wconf 91' lang='lat' dir='ltr'>pacto.</span> 
     </span>
     <span class='ocr_line' id='line_1_32' title="bbox 161 3838 1021 3926; baseline 0.001 -19"><span class='ocrx_word' id='word_1_208' title='bbox 161 3842 359 3908; x_wconf 90' lang='lat' dir='ltr'>immutabile</span> <span class='ocrx_word' id='word_1_209' title='bbox 382 3840 465 3906; x_wconf 86' lang='lat' dir='ltr'>enirn</span> <span class='ocrx_word' id='word_1_210' title='bbox 489 3838 640 3921; x_wconf 90' lang='lat' dir='ltr'>quiddam</span> <span class='ocrx_word' id='word_1_211' title='bbox 662 3859 816 3925; x_wconf 86' lang='lat' dir='ltr'>superare</span> <span class='ocrx_word' id='word_1_212' title='bbox 838 3849 1021 3926; x_wconf 86' lang='lat' dir='ltr'>necessest,</span> 
     </span>
    </p>
   </div>
   <div class='ocr_carea' id='block_1_3' title="bbox 165 4104 1287 4265">
    <p class='ocr_par' dir='ltr' id='par_1_13' title="bbox 165 4104 1287 4265">
     <span class='ocr_line' id='line_1_33' title="bbox 167 4104 1287 4180; baseline 0.003 -21"><span class='ocrx_word' id='word_1_213' title='bbox 167 4114 214 4159; x_wconf 79' lang='grc'><strong>721</strong></span> <span class='ocrx_word' id='word_1_214' title='bbox 241 4124 349 4172; x_wconf 87' lang='lat' dir='ltr'>cumque</span> <span class='ocrx_word' id='word_1_215' title='bbox 368 4104 383 4177; x_wconf 76' lang='grc' dir='ltr'>Η</span> <span class='ocrx_word' id='word_1_216' title='bbox 404 4110 453 4157; x_wconf 83' lang='grc'><strong>730</strong></span> <span class='ocrx_word' id='word_1_217' title='bbox 472 4107 546 4158; x_wconf 89' lang='lat' dir='ltr'>dnloe</span> <span class='ocrx_word' id='word_1_218' title='bbox 565 4107 578 4176; x_wconf 81' lang='grc' dir='ltr'>Η</span> <span class='ocrx_word' id='word_1_219' title='bbox 601 4111 651 4158; x_wconf 77' lang='grc'><strong>734</strong></span> <span class='ocrx_word' id='word_1_220' title='bbox 674 4123 723 4173; x_wconf 88' lang='lat' dir='ltr'>que</span> <span class='ocrx_word' id='word_1_221' title='bbox 743 4106 757 4178; x_wconf 75' lang='lat' dir='ltr'>ll</span> <span class='ocrx_word' id='word_1_222' title='bbox 778 4110 827 4160; x_wconf 86' lang='grc'><strong>736</strong></span> <span class='ocrx_word' id='word_1_223' title='bbox 851 4110 953 4161; x_wconf 86' lang='lat' dir='ltr'>colose.</span> <span class='ocrx_word' id='word_1_224' title='bbox 973 4107 987 4178; x_wconf 77' lang='lat' dir='ltr'>ll</span> <span class='ocrx_word' id='word_1_225' title='bbox 1008 4112 1056 4160; x_wconf 87' lang='grc'><strong>741</strong></span> <span class='ocrx_word' id='word_1_226' title='bbox 1077 4109 1182 4160; x_wconf 87' lang='lat' dir='ltr'>numina</span> <span class='ocrx_word' id='word_1_227' title='bbox 1201 4107 1215 4180; x_wconf 78' lang='grc' dir='ltr'>ΙΙ</span> <span class='ocrx_word' id='word_1_228' title='bbox 1238 4115 1287 4162; x_wconf 82' lang='grc'>742</span> 
     </span>
     <span class='ocr_line' id='line_1_34' title="bbox 165 4195 576 4265; baseline -0.002 -19"><span class='ocrx_word' id='word_1_229' title='bbox 165 4197 309 4262; x_wconf 84' lang='lat' dir='ltr'>Despexere</span> <span class='ocrx_word' id='word_1_230' title='bbox 329 4195 343 4265; x_wconf 73' lang='lat' dir='ltr'>{l</span> <span class='ocrx_word' id='word_1_231' title='bbox 365 4196 414 4243; x_wconf 89' lang='grc'><strong>749</strong></span> <span class='ocrx_word' id='word_1_232' title='bbox 435 4202 459 4243; x_wconf 87' lang='lat' dir='ltr'>et</span> <span class='ocrx_word' id='word_1_233' title='bbox 478 4197 576 4245; x_wconf 86' lang='lat' dir='ltr'>omnis.</span> 
     </span>
    </p>
   </div>
   <div class='ocr_carea' id='block_1_4' title="bbox 0 0 1383 4658">
    <p class='ocr_par' dir='ltr' id='par_1_14' title="bbox 0 0 1383 4658">
     <span class='ocr_line' id='line_1_35' title="bbox 0 0 1383 4658; baseline 0 0"><span class='ocrx_word' id='word_1_234' title='bbox 0 0 1383 4658; x_wconf 95' lang='lat' dir='ltr'> </span> 
     </span>
    </p>
   </div>
  </div>
 </body>
</html>
