2744 4658
131 544 179 591 145
204 540 331 605 semper
352 519 435 584 enim
458 539 616 585 summum
639 517 790 600 quiequid
813 518 855 584 de
877 519 974 583 rebus
995 516 1158 594 abundat,

205 635 292 720 quod
313 635 512 700 iaculentur.
530 638 562 698 et
582 632 645 698 hoc
667 633 748 697 alias
770 653 841 696 cum
864 633 1008 717 pervenit
1029 632 1063 696 in
1086 653 1158 712 res,

98 784 179 822 μω
192 750 336 832 transit,
353 755 387 813 ut
408 749 441 812 in
463 748 575 831 primis
596 754 716 843 vestem
730 772 737 810 :
753 746 813 812 sed
835 747 889 811 ubi
912 766 1028 832 aspera
1049 766 1129 812 saxa

206 869 262 929 aut
283 864 317 927 in
339 862 505 926 materiam
527 862 607 944 ligni
629 837 793 947 pervenit,
810 861 856 925 ibi
878 861 943 925 iarn

207 977 379 1060 scinditur,
396 981 430 1040 ut
452 977 574 1041 nullum
597 976 799 1041 simulacrum
822 975 955 1043 reddere
977 978 1099 1063 possit.

133 1115 184 1163 150
209 1100 243 1159 at
264 1113 336 1158 cum
359 1091 530 1175 splendida
553 1111 636 1174 quae
659 1096 805 1155 constant
828 1098 964 1175 opposta
986 1091 1115 1158 fuerunt

210 1207 395 1291 densaque,
411 1212 446 1271 ut
468 1207 500 1270 in
523 1206 633 1290 primis
656 1206 820 1290 speculum
843 1211 909 1289 est,
926 1207 971 1270 nil
994 1207 1112 1272 accidit
1132 1207 1267 1274 horum:

210 1343 284 1387 nam
308 1341 433 1406 neque,
450 1322 495 1385 uti
518 1326 637 1405 vestem
651 1371 659 1401 ‚
675 1321 760 1403 potis
780 1326 827 1384 est
849 1322 1004 1405 transire,
1021 1341 1125 1404 neque
1146 1329 1254 1388 autem

210 1435 312 1503 scindi
327 1457 335 1518 3
353 1456 450 1517 quam
472 1435 616 1500 meminit
637 1435 725 1499 levor
747 1443 914 1519 praestare
937 1437 1093 1501 salutem.

211 1555 429 1635 quapropter
451 1550 485 1614 fit
507 1557 541 1614 ut
563 1549 636 1613 binc
658 1550 752 1614 nobis
776 1550 949 1614 simulacra
971 1549 1170 1616 redundent.
1266 1588 1272 1599 .

136 1688 185 1735 155
212 1673 244 1731 et
266 1666 411 1748 quamvis
434 1664 559 1748 subito,
577 1663 688 1745 quovis
710 1663 743 1726 in
766 1669 928 1747 tempore,
945 1683 1106 1746 quamque

210 1800 278 1847 rem
300 1786 410 1844 contra
433 1780 596 1862 speculum
618 1786 891 1863 ponas,appa1et
912 1780 1042 1863 imag03

210 1901 366 1980 perpetuo
389 1893 486 1959 fluere
508 1901 543 1958 ut
563 1914 682 1959 noscas
704 1915 722 1960 e
744 1914 878 1979 corpore
901 1916 1023 1961 summo

212 2016 353 2075 texturas
375 2028 479 2074 rerum
503 2010 609 2075 tenuis
632 2010 800 2090 tenuisque
822 2010 962 2091 figuras.

212 2146 288 2209 ergo
312 2125 410 2188 multa
432 2125 519 2190 brevi
543 2124 649 2208 spatio
672 2124 844 2188 simulacra
866 2131 1043 2208 genantur,

139 2262 188 2308 100
212 2248 245 2305 ut
267 2240 380 2306 merito
406 2239 490 2304 celer
512 2240 561 2303 his
584 2240 678 2304 rebus
702 2239 824 2303 dicatur
848 2241 958 2323 origo.

213 2363 245 2422 et
267 2356 361 2438 quasi
384 2356 484 2420 mulla
506 2355 592 2419 brevi
616 2358 718 2440 spatio
742 2356 937 2421 summittere
960 2355 1056 2422 debet

215 2473 335 2536 lumina
357 2471 426 2555 sol,
442 2474 477 2534 ut
498 2478 652 2556 perpetuo
676 2472 739 2536 sint
761 2472 869 2536 omnia
891 2473 1006 2556 plena,

214 2590 260 2654 sic
282 2589 324 2651 ab
347 2588 443 2652 rebus
465 2588 540 2653 item
564 2587 659 2651 simili
682 2588 804 2652 ratione
827 2595 993 2653 necessest

215 2703 368 2788 temporis
389 2706 422 2768 in
446 2711 561 2788 puncto
585 2724 690 2769 rerum
712 2704 885 2770 simulacra
907 2703 1052 2767 ferantur

142 2842 191 2889 105
217 2821 315 2884 multa
337 2820 441 2885 modis
463 2821 569 2886 multis
591 2821 623 2883 in
647 2827 777 2885 cunctas
800 2818 940 2901 undique
962 2818 1084 2903 partis;

216 2935 476 3019 quandoquidem
499 2937 663 3018 speculum
686 2956 748 3018 quo
772 2955 907 3017 cumque
930 2934 1124 3000 obvertimus
1147 2934 1231 3018 oris,

215 3071 267 3116 res
289 3051 352 3116 sibi
374 3049 570 3134 respondent
592 3051 687 3115 simili
709 3051 813 3115 forma
836 3058 931 3133 atque
954 3051 1081 3116 colore.

257 3166 440 3263 {Praeterea
462 3164 557 3229 modo
581 3185 650 3230 cum
673 3166 770 3231 fuerit
791 3165 1004 3248 liquidissima
1027 3165 1107 3230 caeli

215 3287 408 3364 tempestas,
424 3301 579 3364 perquam
602 3281 705 3346 subito
729 3282 764 3344 fit
786 3281 914 3346 turbida
935 3281 1052 3356 foede,

144 3415 193 3461 110
218 3394 359 3476 undique
381 3396 425 3458 uti
448 3397 600 3460 tenebras
623 3396 726 3461 omnis
747 3397 931 3462 Acherunta
952 3396 1053 3460 rearis

217 3508 349 3590 liquisse
372 3519 404 3576 et
425 3530 561 3593 magnas
584 3512 665 3576 caeli
688 3513 865 3596 complesse
888 3531 1064 3576 cavernas.

218 3644 320 3706 usque
343 3626 426 3692 adeo
448 3633 552 3691 taetra
575 3627 754 3692 nimborum
776 3633 869 3693 nocte
893 3633 1002 3692 coorta

219 3740 396 3824 inpendent
417 3749 506 3807 atrae
529 3742 708 3808 formidinis
732 3764 789 3809 ora
812 3761 970 3827 superne3

219 3876 352 3938 quorum
375 3857 530 3940 quantula
550 3878 626 3942 pars
649 3858 691 3922 sit
710 3858 820 3939 imago
843 3856 950 3922 dicere
970 3861 1096 3923 nemost

219 4077 419 4085 ——..

224 4222 273 4269 150
291 4220 409 4284 opposita
428 4216 443 4287 ΙΙ
464 4221 513 4269 152
532 4232 636 4284 possunt
657 4218 670 4287 ll
693 4223 741 4271 159
761 4230 899 4284 geruntur.
