<?xml version="1.0" encoding="UTF-8"?>
<!DOCTYPE html PUBLIC "-//W3C//DTD XHTML 1.0 Transitional//EN"
    "http://www.w3.org/TR/xhtml1/DTD/xhtml1-transitional.dtd">
<html xmlns="http://www.w3.org/1999/xhtml" xml:lang="en" lang="en">
 <head>
  <title>
</title>
<meta http-equiv="Content-Type" content="text/html;charset=utf-8" />
  <meta name='ocr-system' content='tesseract 3.04.00' />
  <meta name='ocr-capabilities' content='ocr_page ocr_carea ocr_par ocr_line ocrx_word'/>
</head>
<body>
  <div class='ocr_page' id='page_1' title='image "./tlucreticarider15carugoog_0064.png"; bbox 0 0 2744 4658; ppageno 0'>
   <div class='ocr_carea' id='block_1_1' title="bbox 684 256 713 321">
    <p class='ocr_par' dir='ltr' id='par_1_1' title="bbox 684 256 713 321">
     <span class='ocr_line' id='line_1_1' title="bbox 684 256 713 321; baseline 0 0"><span class='ocrx_word' id='word_1_1' title='bbox 684 256 713 321; x_wconf 91' lang='lat' dir='ltr'><strong>ll</strong></span> 
     </span>
    </p>
   </div>
   <div class='ocr_carea' id='block_1_2' title="bbox 55 423 1071 4074">
    <p class='ocr_par' dir='ltr' id='par_1_2' title="bbox 133 423 994 743">
     <span class='ocr_line' id='line_1_2' title="bbox 133 423 979 514; baseline -0.001 -20"><span class='ocrx_word' id='word_1_2' title='bbox 133 434 164 494; x_wconf 89' lang='lat' dir='ltr'><strong>et</strong></span> <span class='ocrx_word' id='word_1_3' title='bbox 186 447 238 492; x_wconf 85' lang='lat' dir='ltr'><strong>res</strong></span> <span class='ocrx_word' id='word_1_4' title='bbox 261 427 411 512; x_wconf 74' lang='lat' dir='ltr'>progigni</span> <span class='ocrx_word' id='word_1_5' title='bbox 434 434 465 492; x_wconf 89' lang='lat' dir='ltr'><strong>et</strong></span> <span class='ocrx_word' id='word_1_6' title='bbox 487 423 613 512; x_wconf 88' lang='lat' dir='ltr'><strong>genitas</strong></span> <span class='ocrx_word' id='word_1_7' title='bbox 635 447 839 514; x_wconf 78' lang='lat' dir='ltr'><strong>procrescere</strong></span> <span class='ocrx_word' id='word_1_8' title='bbox 862 448 979 512; x_wconf 90' lang='lat' dir='ltr'><strong>posse.</strong></span> 
     </span>
     <span class='ocr_line' id='line_1_3' title="bbox 133 542 977 628; baseline 0.001 -21"><span class='ocrx_word' id='word_1_9' title='bbox 133 562 205 608; x_wconf 88' lang='lat' dir='ltr'><strong>esse</strong></span> <span class='ocrx_word' id='word_1_10' title='bbox 227 542 323 624; x_wconf 89' lang='lat' dir='ltr'><strong>igitur</strong></span> <span class='ocrx_word' id='word_1_11' title='bbox 345 561 464 625; x_wconf 87' lang='lat' dir='ltr'><strong>genere</strong></span> <span class='ocrx_word' id='word_1_12' title='bbox 486 543 520 607; x_wconf 92' lang='lat' dir='ltr'><strong>in</strong></span> <span class='ocrx_word' id='word_1_13' title='bbox 543 543 654 625; x_wconf 81' lang='lat' dir='ltr'><strong>quovis</strong></span> <span class='ocrx_word' id='word_1_14' title='bbox 676 543 852 628; x_wconf 90' lang='lat' dir='ltr'><strong>primordia</strong></span> <span class='ocrx_word' id='word_1_15' title='bbox 872 564 977 608; x_wconf 89' lang='lat' dir='ltr'><strong>rerum</strong></span> 
     </span>
     <span class='ocr_line' id='line_1_4' title="bbox 133 657 994 743; baseline 0.001 -22"><span class='ocrx_word' id='word_1_16' title='bbox 133 658 258 722; x_wconf 90' lang='lat' dir='ltr'><strong>infinita</strong></span> <span class='ocrx_word' id='word_1_17' title='bbox 280 657 386 740; x_wconf 87' lang='lat' dir='ltr'><strong>palam</strong></span> <span class='ocrx_word' id='word_1_18' title='bbox 410 663 477 734; x_wconf 83' lang='lat' dir='ltr'><strong>est,</strong></span> <span class='ocrx_word' id='word_1_19' title='bbox 493 658 579 723; x_wconf 87' lang='lat' dir='ltr'><strong>unde</strong></span> <span class='ocrx_word' id='word_1_20' title='bbox 602 658 708 723; x_wconf 91' lang='lat' dir='ltr'><strong>omnia</strong></span> <span class='ocrx_word' id='word_1_21' title='bbox 731 659 994 743; x_wconf 81' lang='lat' dir='ltr'><strong>suppeditantur.</strong></span> 
     </span>
    </p>

    <p class='ocr_par' dir='ltr' id='par_1_3' title="bbox 171 772 978 857">
     <span class='ocr_line' id='line_1_5' title="bbox 171 772 978 857; baseline 0.002 -21"><span class='ocrx_word' id='word_1_22' title='bbox 171 772 240 836; x_wconf 88' lang='lat' dir='ltr'><strong>Nec</strong></span> <span class='ocrx_word' id='word_1_23' title='bbox 263 792 413 857; x_wconf 88' lang='lat' dir='ltr'><strong>superare</strong></span> <span class='ocrx_word' id='word_1_24' title='bbox 437 779 554 855; x_wconf 93' lang='lat' dir='ltr'><strong>queunt</strong></span> <span class='ocrx_word' id='word_1_25' title='bbox 576 780 680 837; x_wconf 91' lang='lat' dir='ltr'><strong>motus</strong></span> <span class='ocrx_word' id='word_1_26' title='bbox 702 773 811 855; x_wconf 87' lang='lat' dir='ltr'><strong>itaque</strong></span> <span class='ocrx_word' id='word_1_27' title='bbox 834 774 978 840; x_wconf 86' lang='lat' dir='ltr'><strong>exitiales</strong></span> 
     </span>
    </p>

    <p class='ocr_par' dir='ltr' id='par_1_4' title="bbox 55 888 994 1434">
     <span class='ocr_line' id='line_1_6' title="bbox 55 888 994 975; baseline -0.003 -20"><span class='ocrx_word' id='word_1_28' title='bbox 55 909 107 955; x_wconf 77' lang='lat' dir='ltr'><strong>oro</strong></span> <span class='ocrx_word' id='word_1_29' title='bbox 132 894 285 972; x_wconf 89' lang='lat' dir='ltr'><strong>perpetuo</strong></span> <span class='ocrx_word' id='word_1_30' title='bbox 309 888 468 970; x_wconf 82' lang='lat' dir='ltr'><strong>usquein</strong></span> <span class='ocrx_word' id='word_1_31' title='bbox 491 896 654 954; x_wconf 87' lang='lat' dir='ltr'><strong>aeternum</strong></span> <span class='ocrx_word' id='word_1_32' title='bbox 677 889 813 973; x_wconf 90' lang='lat' dir='ltr'><strong>sepelire</strong></span> <span class='ocrx_word' id='word_1_33' title='bbox 836 889 994 975; x_wconf 88' lang='lat' dir='ltr'><strong>salutern,</strong></span> 
     </span>
     <span class='ocr_line' id='line_1_7' title="bbox 131 1003 840 1087; baseline 0.004 -21"><span class='ocrx_word' id='word_1_34' title='bbox 131 1022 190 1066; x_wconf 89' lang='lat' dir='ltr'><strong>nec</strong></span> <span class='ocrx_word' id='word_1_35' title='bbox 211 1022 307 1087; x_wconf 93' lang='lat' dir='ltr'><strong>porro</strong></span> <span class='ocrx_word' id='word_1_36' title='bbox 330 1023 435 1067; x_wconf 88' lang='lat' dir='ltr'><strong>rerum</strong></span> <span class='ocrx_word' id='word_1_37' title='bbox 457 1003 617 1083; x_wconf 76' lang='lat' dir='ltr'><strong>genitales</strong></span> <span class='ocrx_word' id='word_1_38' title='bbox 640 1003 840 1086; x_wconf 86' lang='lat' dir='ltr'><strong>auctificique</strong></span> 
     </span>
     <span class='ocr_line' id='line_1_8' title="bbox 132 1123 870 1202; baseline 0.003 -22"><span class='ocrx_word' id='word_1_39' title='bbox 132 1124 234 1181; x_wconf 89' lang='lat' dir='ltr'><strong>motus</strong></span> <span class='ocrx_word' id='word_1_40' title='bbox 257 1124 411 1202; x_wconf 90' lang='lat' dir='ltr'><strong>perpetuo</strong></span> <span class='ocrx_word' id='word_1_41' title='bbox 434 1124 568 1201; x_wconf 90' lang='lat' dir='ltr'><strong>possunt</strong></span> <span class='ocrx_word' id='word_1_42' title='bbox 590 1137 719 1183; x_wconf 82' lang='lat' dir='ltr'><strong>servare</strong></span> <span class='ocrx_word' id='word_1_43' title='bbox 742 1123 870 1182; x_wconf 88' lang='lat' dir='ltr'><strong>creata.</strong></span> 
     </span>
     <span class='ocr_line' id='line_1_9' title="bbox 133 1224 892 1318; baseline 0.003 -22"><span class='ocrx_word' id='word_1_44' title='bbox 133 1233 177 1297; x_wconf 90' lang='lat' dir='ltr'><strong>sio</strong></span> <span class='ocrx_word' id='word_1_45' title='bbox 200 1252 303 1315; x_wconf 86' lang='lat' dir='ltr'><strong>aequo</strong></span> <span class='ocrx_word' id='word_1_46' title='bbox 327 1234 445 1313; x_wconf 82' lang='lat' dir='ltr'><strong>geritur</strong></span> <span class='ocrx_word' id='word_1_47' title='bbox 468 1224 641 1298; x_wconf 79' lang='lat' dir='ltr'><strong>certamine</strong></span> <span class='ocrx_word' id='word_1_48' title='bbox 664 1233 892 1318; x_wconf 78' lang='lat' dir='ltr'><strong>principiorum</strong></span> 
     </span>
     <span class='ocr_line' id='line_1_10' title="bbox 133 1348 864 1434; baseline 0.005 -25"><span class='ocrx_word' id='word_1_49' title='bbox 133 1366 172 1410; x_wconf 82' lang='lat' dir='ltr'><strong>ex</strong></span> <span class='ocrx_word' id='word_1_50' title='bbox 195 1348 318 1412; x_wconf 85' lang='lat' dir='ltr'><strong>infinito</strong></span> <span class='ocrx_word' id='word_1_51' title='bbox 342 1355 535 1413; x_wconf 87' lang='lat' dir='ltr'><strong>contractum</strong></span> <span class='ocrx_word' id='word_1_52' title='bbox 556 1354 702 1434; x_wconf 90' lang='lat' dir='ltr'><strong>tempore</strong></span> <span class='ocrx_word' id='word_1_53' title='bbox 724 1349 864 1413; x_wconf 90' lang='lat' dir='ltr'><strong>bellurn.</strong></span> 
     </span>
    </p>

    <p class='ocr_par' dir='ltr' id='par_1_5' title="bbox 58 1461 1071 2005">
     <span class='ocr_line' id='line_1_11' title="bbox 58 1461 938 1550; baseline 0 -23"><span class='ocrx_word' id='word_1_54' title='bbox 58 1481 110 1528; x_wconf 75' lang='grc'><strong>575</strong></span> <span class='ocrx_word' id='word_1_55' title='bbox 137 1481 219 1525; x_wconf 93' lang='lat' dir='ltr'><strong>nunc</strong></span> <span class='ocrx_word' id='word_1_56' title='bbox 241 1461 293 1527; x_wconf 91' lang='lat' dir='ltr'><strong>hic</strong></span> <span class='ocrx_word' id='word_1_57' title='bbox 316 1484 399 1527; x_wconf 91' lang='lat' dir='ltr'><strong>nnnc</strong></span> <span class='ocrx_word' id='word_1_58' title='bbox 420 1463 485 1526; x_wconf 88' lang='lat' dir='ltr'><strong>illie</strong></span> <span class='ocrx_word' id='word_1_59' title='bbox 507 1469 660 1546; x_wconf 89' lang='lat' dir='ltr'><strong>superant</strong></span> <span class='ocrx_word' id='word_1_60' title='bbox 682 1463 793 1527; x_wconf 88' lang='lat' dir='ltr'><strong>vitalia</strong></span> <span class='ocrx_word' id='word_1_61' title='bbox 815 1485 938 1550; x_wconf 90' lang='lat' dir='ltr'><strong>rerum,</strong></span> 
     </span>
     <span class='ocr_line' id='line_1_12' title="bbox 136 1577 938 1665; baseline 0.002 -25"><span class='ocrx_word' id='word_1_62' title='bbox 136 1583 167 1640; x_wconf 89' lang='lat' dir='ltr'><strong>et</strong></span> <span class='ocrx_word' id='word_1_63' title='bbox 189 1583 381 1661; x_wconf 88' lang='lat' dir='ltr'><strong>superantur</strong></span> <span class='ocrx_word' id='word_1_64' title='bbox 402 1578 498 1642; x_wconf 87' lang='lat' dir='ltr'><strong>item.</strong></span> <span class='ocrx_word' id='word_1_65' title='bbox 516 1579 665 1643; x_wconf 85' lang='lat' dir='ltr'><strong>misectur</strong></span> <span class='ocrx_word' id='word_1_66' title='bbox 687 1577 796 1644; x_wconf 82' lang='lat' dir='ltr'><strong>funere</strong></span> <span class='ocrx_word' id='word_1_67' title='bbox 818 1601 938 1665; x_wconf 89' lang='lat' dir='ltr'><strong>vagor,</strong></span> 
     </span>
     <span class='ocr_line' id='line_1_13' title="bbox 134 1693 897 1776; baseline 0.007 -22"><span class='ocrx_word' id='word_1_68' title='bbox 134 1713 226 1775; x_wconf 91' lang='lat' dir='ltr'><strong>quem</strong></span> <span class='ocrx_word' id='word_1_69' title='bbox 248 1693 338 1776; x_wconf 87' lang='lat' dir='ltr'><strong>pueri</strong></span> <span class='ocrx_word' id='word_1_70' title='bbox 361 1694 476 1757; x_wconf 89' lang='lat' dir='ltr'><strong>tollunt</strong></span> <span class='ocrx_word' id='word_1_71' title='bbox 497 1694 629 1759; x_wconf 87' lang='lat' dir='ltr'><strong>visentis</strong></span> <span class='ocrx_word' id='word_1_72' title='bbox 652 1695 779 1759; x_wconf 93' lang='lat' dir='ltr'><strong>luminis</strong></span> <span class='ocrx_word' id='word_1_73' title='bbox 802 1715 897 1759; x_wconf 87' lang='lat' dir='ltr'><strong>oras:</strong></span> 
     </span>
     <span class='ocr_line' id='line_1_14' title="bbox 134 1807 1071 1890; baseline 0.002 -21"><span class='ocrx_word' id='word_1_74' title='bbox 134 1827 192 1872; x_wconf 91' lang='lat' dir='ltr'><strong>nec</strong></span> <span class='ocrx_word' id='word_1_75' title='bbox 215 1829 279 1872; x_wconf 86' lang='lat' dir='ltr'><strong>nox</strong></span> <span class='ocrx_word' id='word_1_76' title='bbox 300 1808 368 1871; x_wconf 92' lang='lat' dir='ltr'><strong>ulla</strong></span> <span class='ocrx_word' id='word_1_77' title='bbox 390 1807 475 1872; x_wconf 89' lang='lat' dir='ltr'><strong>diem</strong></span> <span class='ocrx_word' id='word_1_78' title='bbox 497 1829 603 1890; x_wconf 91' lang='lat' dir='ltr'><strong>neque</strong></span> <span class='ocrx_word' id='word_1_79' title='bbox 625 1817 751 1873; x_wconf 87' lang='lat' dir='ltr'><strong>noctem</strong></span> <span class='ocrx_word' id='word_1_80' title='bbox 775 1830 892 1873; x_wconf 88' lang='lat' dir='ltr'><strong>aurora</strong></span> <span class='ocrx_word' id='word_1_81' title='bbox 915 1814 1071 1884; x_wconf 82' lang='lat' dir='ltr'><strong>secutast,</strong></span> 
     </span>
     <span class='ocr_line' id='line_1_15' title="bbox 135 1923 909 2005; baseline 0.006 -21"><span class='ocrx_word' id='word_1_82' title='bbox 135 1942 217 2004; x_wconf 90' lang='lat' dir='ltr'><strong>quae</strong></span> <span class='ocrx_word' id='word_1_83' title='bbox 240 1942 303 1985; x_wconf 94' lang='lat' dir='ltr'><strong>non</strong></span> <span class='ocrx_word' id='word_1_84' title='bbox 327 1923 462 1986; x_wconf 88' lang='lat' dir='ltr'><strong>audierit</strong></span> <span class='ocrx_word' id='word_1_85' title='bbox 483 1924 599 1988; x_wconf 87' lang='lat' dir='ltr'><strong>mixtos</strong></span> <span class='ocrx_word' id='word_1_86' title='bbox 621 1925 780 2004; x_wconf 80' lang='lat' dir='ltr'><strong>vagitibus</strong></span> <span class='ocrx_word' id='word_1_87' title='bbox 804 1924 909 2005; x_wconf 83' lang='lat' dir='ltr'><strong>aegris</strong></span> 
     </span>
    </p>

    <p class='ocr_par' dir='ltr' id='par_1_6' title="bbox 55 2037 873 2120">
     <span class='ocr_line' id='line_1_16' title="bbox 55 2037 873 2120; baseline -0.001 -16"><span class='ocrx_word' id='word_1_88' title='bbox 55 2058 107 2104; x_wconf 76' lang='lat' dir='ltr'><strong>aso</strong></span> <span class='ocrx_word' id='word_1_89' title='bbox 133 2037 296 2120; x_wconf 84' lang='lat' dir='ltr'><strong>ploratus,</strong></span> <span class='ocrx_word' id='word_1_90' title='bbox 313 2037 423 2101; x_wconf 89' lang='lat' dir='ltr'><strong>mortis</strong></span> <span class='ocrx_word' id='word_1_91' title='bbox 445 2038 578 2102; x_wconf 85' lang='lat' dir='ltr'><strong>comites</strong></span> <span class='ocrx_word' id='word_1_92' title='bbox 601 2044 633 2103; x_wconf 88' lang='lat' dir='ltr'><strong>et</strong></span> <span class='ocrx_word' id='word_1_93' title='bbox 654 2039 772 2103; x_wconf 83' lang='lat' dir='ltr'><strong>funeris</strong></span> <span class='ocrx_word' id='word_1_94' title='bbox 795 2039 873 2103; x_wconf 87' lang='lat' dir='ltr'><strong>atri.</strong></span> 
     </span>
    </p>

    <p class='ocr_par' dir='ltr' id='par_1_7' title="bbox 129 2151 1014 2583">
     <span class='ocr_line' id='line_1_17' title="bbox 169 2151 1014 2235; baseline 0.006 -22"><span class='ocrx_word' id='word_1_95' title='bbox 169 2151 253 2214; x_wconf 92' lang='lat' dir='ltr'><strong>Illud</strong></span> <span class='ocrx_word' id='word_1_96' title='bbox 276 2151 308 2214; x_wconf 95' lang='lat' dir='ltr'><strong>in</strong></span> <span class='ocrx_word' id='word_1_97' title='bbox 331 2151 380 2216; x_wconf 92' lang='lat' dir='ltr'><strong>his</strong></span> <span class='ocrx_word' id='word_1_98' title='bbox 402 2151 606 2234; x_wconf 90' lang='lat' dir='ltr'><strong>obsignatum</strong></span> <span class='ocrx_word' id='word_1_99' title='bbox 630 2174 755 2235; x_wconf 88' lang='lat' dir='ltr'><strong>quoque</strong></span> <span class='ocrx_word' id='word_1_100' title='bbox 777 2155 872 2218; x_wconf 89' lang='lat' dir='ltr'><strong>rebus</strong></span> <span class='ocrx_word' id='word_1_101' title='bbox 895 2154 1014 2219; x_wconf 88' lang='lat' dir='ltr'><strong>habere</strong></span> 
     </span>
     <span class='ocr_line' id='line_1_18' title="bbox 129 2268 995 2352; baseline 0.003 -21"><span class='ocrx_word' id='word_1_102' title='bbox 129 2268 279 2331; x_wconf 88' lang='lat' dir='ltr'><strong>convenit</strong></span> <span class='ocrx_word' id='word_1_103' title='bbox 301 2274 333 2330; x_wconf 87' lang='lat' dir='ltr'><strong>et</strong></span> <span class='ocrx_word' id='word_1_104' title='bbox 355 2269 485 2331; x_wconf 90' lang='lat' dir='ltr'><strong>memori</strong></span> <span class='ocrx_word' id='word_1_105' title='bbox 508 2269 693 2332; x_wconf 88' lang='lat' dir='ltr'><strong>mandatum</strong></span> <span class='ocrx_word' id='word_1_106' title='bbox 714 2279 820 2334; x_wconf 87' lang='lat' dir='ltr'><strong>mente</strong></span> <span class='ocrx_word' id='word_1_107' title='bbox 843 2275 995 2352; x_wconf 86' lang='lat' dir='ltr'><strong>tenere,&#39;</strong></span> 
     </span>
     <span class='ocr_line' id='line_1_19' title="bbox 132 2382 964 2466; baseline 0.004 -22"><span class='ocrx_word' id='word_1_108' title='bbox 132 2382 176 2445; x_wconf 93' lang='lat' dir='ltr'><strong>nil</strong></span> <span class='ocrx_word' id='word_1_109' title='bbox 201 2401 272 2446; x_wconf 88' lang='lat' dir='ltr'><strong>esse</strong></span> <span class='ocrx_word' id='word_1_110' title='bbox 285 2432 293 2458; x_wconf 93' lang='lat'><strong>‚</strong></span> <span class='ocrx_word' id='word_1_111' title='bbox 308 2384 342 2445; x_wconf 91' lang='lat' dir='ltr'><strong>in</strong></span> <span class='ocrx_word' id='word_1_112' title='bbox 363 2390 510 2466; x_wconf 90' lang='lat' dir='ltr'><strong>promptu</strong></span> <span class='ocrx_word' id='word_1_113' title='bbox 533 2404 665 2465; x_wconf 90' lang='lat' dir='ltr'><strong>quorum</strong></span> <span class='ocrx_word' id='word_1_114' title='bbox 686 2391 799 2448; x_wconf 87' lang='lat' dir='ltr'><strong>natura</strong></span> <span class='ocrx_word' id='word_1_115' title='bbox 821 2384 964 2459; x_wconf 85' lang='lat' dir='ltr'><strong>videtur,</strong></span> 
     </span>
     <span class='ocr_line' id='line_1_20' title="bbox 132 2499 951 2583; baseline 0.001 -23"><span class='ocrx_word' id='word_1_116' title='bbox 132 2502 218 2579; x_wconf 90' lang='lat' dir='ltr'><strong>quod</strong></span> <span class='ocrx_word' id='word_1_117' title='bbox 241 2517 361 2577; x_wconf 90' lang='lat' dir='ltr'><strong>genere</strong></span> <span class='ocrx_word' id='word_1_118' title='bbox 384 2517 422 2560; x_wconf 89' lang='lat' dir='ltr'><strong>ex</strong></span> <span class='ocrx_word' id='word_1_119' title='bbox 445 2517 507 2560; x_wconf 93' lang='lat' dir='ltr'><strong>uno</strong></span> <span class='ocrx_word' id='word_1_120' title='bbox 531 2499 684 2562; x_wconf 89' lang='lat' dir='ltr'><strong>consistat</strong></span> <span class='ocrx_word' id='word_1_121' title='bbox 705 2499 951 2583; x_wconf 83' lang='lat' dir='ltr'><strong>principiorum,</strong></span> 
     </span>
    </p>

    <p class='ocr_par' dir='ltr' id='par_1_8' title="bbox 55 2613 1068 3157">
     <span class='ocr_line' id='line_1_21' title="bbox 55 2613 1068 2696; baseline -0.006 -14"><span class='ocrx_word' id='word_1_122' title='bbox 55 2636 105 2682; x_wconf 80' lang='lat'><strong>585</strong></span> <span class='ocrx_word' id='word_1_123' title='bbox 133 2633 192 2678; x_wconf 89' lang='lat' dir='ltr'><strong>nec</strong></span> <span class='ocrx_word' id='word_1_124' title='bbox 215 2613 384 2695; x_wconf 89' lang='lat' dir='ltr'><strong>quicquam</strong></span> <span class='ocrx_word' id='word_1_125' title='bbox 408 2614 494 2694; x_wconf 91' lang='lat' dir='ltr'><strong>quod</strong></span> <span class='ocrx_word' id='word_1_126' title='bbox 516 2633 580 2677; x_wconf 93' lang='lat' dir='ltr'><strong>non</strong></span> <span class='ocrx_word' id='word_1_127' title='bbox 603 2613 759 2696; x_wconf 83' lang='lat' dir='ltr'><strong>permixto</strong></span> <span class='ocrx_word' id='word_1_128' title='bbox 784 2614 904 2677; x_wconf 89' lang='lat' dir='ltr'><strong>semine</strong></span> <span class='ocrx_word' id='word_1_129' title='bbox 927 2617 1068 2677; x_wconf 87' lang='lat' dir='ltr'><strong>constet:</strong></span> 
     </span>
     <span class='ocr_line' id='line_1_22' title="bbox 132 2727 1041 2811; baseline -0.003 -18"><span class='ocrx_word' id='word_1_130' title='bbox 132 2734 163 2794; x_wconf 91' lang='lat' dir='ltr'><strong>et</strong></span> <span class='ocrx_word' id='word_1_131' title='bbox 185 2727 270 2810; x_wconf 91' lang='lat' dir='ltr'><strong>quod</strong></span> <span class='ocrx_word' id='word_1_132' title='bbox 293 2747 426 2810; x_wconf 86' lang='lat' dir='ltr'><strong>eumque</strong></span> <span class='ocrx_word' id='word_1_133' title='bbox 449 2730 555 2810; x_wconf 90' lang='lat' dir='ltr'><strong>magis</strong></span> <span class='ocrx_word' id='word_1_134' title='bbox 577 2728 625 2793; x_wconf 84' lang='lat' dir='ltr'><strong>vis</strong></span> <span class='ocrx_word' id='word_1_135' title='bbox 648 2728 763 2792; x_wconf 89' lang='lat' dir='ltr'><strong>multas</strong></span> <span class='ocrx_word' id='word_1_136' title='bbox 785 2727 930 2811; x_wconf 84' lang='lat' dir='ltr'><strong>possidet</strong></span> <span class='ocrx_word' id='word_1_137' title='bbox 950 2728 984 2790; x_wconf 94' lang='lat' dir='ltr'><strong>in</strong></span> <span class='ocrx_word' id='word_1_138' title='bbox 1006 2746 1041 2791; x_wconf 92' lang='lat' dir='ltr'><strong>se</strong></span> 
     </span>
     <span class='ocr_line' id='line_1_23' title="bbox 131 2844 914 2929; baseline -0.001 -22"><span class='ocrx_word' id='word_1_139' title='bbox 131 2850 227 2926; x_wconf 89' lang='lat' dir='ltr'><strong>atque</strong></span> <span class='ocrx_word' id='word_1_140' title='bbox 249 2848 442 2927; x_wconf 85' lang='lat' dir='ltr'><strong>potestates,</strong></span> <span class='ocrx_word' id='word_1_141' title='bbox 459 2844 504 2907; x_wconf 87' lang='lat' dir='ltr'><strong>ita</strong></span> <span class='ocrx_word' id='word_1_142' title='bbox 525 2845 664 2928; x_wconf 89' lang='lat' dir='ltr'><strong>plurima</strong></span> <span class='ocrx_word' id='word_1_143' title='bbox 686 2844 914 2929; x_wconf 90' lang='lat' dir='ltr'><strong>principiorum</strong></span> 
     </span>
     <span class='ocr_line' id='line_1_24' title="bbox 132 2960 963 3042; baseline -0.001 -19"><span class='ocrx_word' id='word_1_144' title='bbox 132 2960 165 3023; x_wconf 91' lang='lat' dir='ltr'><strong>in</strong></span> <span class='ocrx_word' id='word_1_145' title='bbox 187 2977 259 3023; x_wconf 91' lang='lat' dir='ltr'><strong>sese</strong></span> <span class='ocrx_word' id='word_1_146' title='bbox 282 2978 401 3039; x_wconf 88' lang='lat' dir='ltr'><strong>genera</strong></span> <span class='ocrx_word' id='word_1_147' title='bbox 424 2979 461 3022; x_wconf 88' lang='lat' dir='ltr'><strong>ac</strong></span> <span class='ocrx_word' id='word_1_148' title='bbox 483 2960 590 3023; x_wconf 89' lang='lat' dir='ltr'><strong>varias</strong></span> <span class='ocrx_word' id='word_1_149' title='bbox 613 2961 708 3024; x_wconf 91' lang='lat' dir='ltr'><strong>docet</strong></span> <span class='ocrx_word' id='word_1_150' title='bbox 730 2980 801 3024; x_wconf 87' lang='lat' dir='ltr'><strong>esse</strong></span> <span class='ocrx_word' id='word_1_151' title='bbox 824 2961 963 3042; x_wconf 85' lang='lat' dir='ltr'><strong>figuras.</strong></span> 
     </span>
     <span class='ocr_line' id='line_1_25' title="bbox 131 3071 938 3157; baseline 0.001 -21"><span class='ocrx_word' id='word_1_152' title='bbox 131 3072 287 3157; x_wconf 89' lang='lat' dir='ltr'><strong>principio</strong></span> <span class='ocrx_word' id='word_1_153' title='bbox 310 3071 405 3136; x_wconf 90' lang='lat' dir='ltr'><strong>tellus</strong></span> <span class='ocrx_word' id='word_1_154' title='bbox 425 3071 524 3136; x_wconf 89' lang='lat' dir='ltr'><strong>habet</strong></span> <span class='ocrx_word' id='word_1_155' title='bbox 546 3072 579 3135; x_wconf 93' lang='lat' dir='ltr'><strong>in</strong></span> <span class='ocrx_word' id='word_1_156' title='bbox 602 3091 636 3136; x_wconf 90' lang='lat' dir='ltr'><strong>se</strong></span> <span class='ocrx_word' id='word_1_157' title='bbox 659 3092 793 3156; x_wconf 89' lang='lat' dir='ltr'><strong>corpora</strong></span> <span class='ocrx_word' id='word_1_158' title='bbox 813 3076 938 3157; x_wconf 87' lang='lat' dir='ltr'><strong>prima,</strong></span> 
     </span>
    </p>

    <p class='ocr_par' dir='ltr' id='par_1_9' title="bbox 55 3184 987 3499">
     <span class='ocr_line' id='line_1_26' title="bbox 55 3184 985 3268; baseline -0.006 -11"><span class='ocrx_word' id='word_1_159' title='bbox 55 3210 107 3257; x_wconf 80' lang='lat' dir='ltr'><strong>seo</strong></span> <span class='ocrx_word' id='word_1_160' title='bbox 133 3187 218 3252; x_wconf 87' lang='lat' dir='ltr'><strong>unde</strong></span> <span class='ocrx_word' id='word_1_161' title='bbox 238 3207 328 3251; x_wconf 90' lang='lat' dir='ltr'><strong>mare</strong></span> <span class='ocrx_word' id='word_1_162' title='bbox 351 3187 529 3249; x_wconf 88' lang='lat' dir='ltr'><strong>inmensum</strong></span> <span class='ocrx_word' id='word_1_163' title='bbox 550 3187 715 3250; x_wconf 83' lang='lat' dir='ltr'><strong>volventes</strong></span> <span class='ocrx_word' id='word_1_164' title='bbox 737 3184 859 3268; x_wconf 91' lang='lat' dir='ltr'><strong>frigora</strong></span> <span class='ocrx_word' id='word_1_165' title='bbox 881 3185 985 3251; x_wconf 85' lang='lat' dir='ltr'><strong>fontes</strong></span> 
     </span>
     <span class='ocr_line' id='line_1_27' title="bbox 133 3283 979 3382; baseline -0.004 -16"><span class='ocrx_word' id='word_1_166' title='bbox 133 3301 266 3366; x_wconf 86' lang='lat' dir='ltr'><strong>adsidue</strong></span> <span class='ocrx_word' id='word_1_167' title='bbox 288 3304 462 3382; x_wconf 82' lang='lat' dir='ltr'><strong>renovent,</strong></span> <span class='ocrx_word' id='word_1_168' title='bbox 480 3298 577 3362; x_wconf 87' lang='lat' dir='ltr'><strong>habet</strong></span> <span class='ocrx_word' id='word_1_169' title='bbox 598 3299 690 3382; x_wconf 86' lang='lat' dir='ltr'><strong>ignes</strong></span> <span class='ocrx_word' id='word_1_170' title='bbox 703 3283 795 3363; x_wconf 91' lang='lat' dir='ltr'><strong>unde</strong></span> <span class='ocrx_word' id='word_1_171' title='bbox 819 3299 979 3364; x_wconf 89' lang='lat' dir='ltr'><strong>oriantur:</strong></span> 
     </span>
     <span class='ocr_line' id='line_1_28' title="bbox 134 3411 987 3499; baseline -0.001 -19"><span class='ocrx_word' id='word_1_172' title='bbox 134 3437 207 3481; x_wconf 89' lang='lat' dir='ltr'><strong>narn</strong></span> <span class='ocrx_word' id='word_1_173' title='bbox 228 3415 340 3479; x_wconf 89' lang='lat' dir='ltr'><strong>multis·</strong></span> <span class='ocrx_word' id='word_1_174' title='bbox 359 3432 515 3479; x_wconf 85' lang='lat' dir='ltr'><strong>succensa</strong></span> <span class='ocrx_word' id='word_1_175' title='bbox 536 3411 616 3477; x_wconf 92' lang='lat' dir='ltr'><strong>locis</strong></span> <span class='ocrx_word' id='word_1_176' title='bbox 639 3412 750 3476; x_wconf 87' lang='lat' dir='ltr'><strong>ardent</strong></span> <span class='ocrx_word' id='word_1_177' title='bbox 771 3414 842 3478; x_wconf 89' lang='lat' dir='ltr'><strong>sola</strong></span> <span class='ocrx_word' id='word_1_178' title='bbox 862 3420 987 3499; x_wconf 87' lang='lat' dir='ltr'><strong>terrae,</strong></span> 
     </span>
    </p>

    <p class='ocr_par' dir='ltr' id='par_1_10' title="bbox 56 3503 990 4074">
     <span class='ocr_line' id='line_1_29' title="bbox 87 3503 924 3615; baseline 0.002 -25"><span class='ocrx_word' id='word_1_179' title='bbox 87 3503 258 3615; x_wconf 52' lang='lat' dir='ltr'><strong>lenens</strong></span> <span class='ocrx_word' id='word_1_180' title='bbox 279 3551 355 3594; x_wconf 69' lang='lat' dir='ltr'><strong>vero</strong></span> <span class='ocrx_word' id='word_1_181' title='bbox 378 3529 451 3593; x_wconf 60' lang='lat' dir='ltr'><strong>nin</strong></span> <span class='ocrx_word' id='word_1_182' title='bbox 474 3527 601 3610; x_wconf 77' lang='lat' dir='ltr'><strong>ignibus</strong></span> <span class='ocrx_word' id='word_1_183' title='bbox 624 3529 759 3610; x_wconf 82' lang='lat' dir='ltr'><strong>impetus</strong></span> <span class='ocrx_word' id='word_1_184' title='bbox 781 3528 924 3592; x_wconf 70' lang='lat' dir='ltr'><strong>nenas:</strong></span> 
     </span>
     <span class='ocr_line' id='line_1_30' title="bbox 131 3642 913 3730; baseline -0.006 -20"><span class='ocrx_word' id='word_1_185' title='bbox 131 3653 197 3710; x_wconf 84' lang='lat' dir='ltr'><strong>mm</strong></span> <span class='ocrx_word' id='word_1_186' title='bbox 219 3665 314 3730; x_wconf 91' lang='lat' dir='ltr'><strong>porro</strong></span> <span class='ocrx_word' id='word_1_187' title='bbox 337 3644 455 3709; x_wconf 87' lang='lat' dir='ltr'><strong>nitidas</strong></span> <span class='ocrx_word' id='word_1_188' title='bbox 477 3642 587 3725; x_wconf 83' lang='lat' dir='ltr'><strong>fruges</strong></span> <span class='ocrx_word' id='word_1_189' title='bbox 609 3643 803 3723; x_wconf 87' lang='lat' dir='ltr'><strong>arbustaque</strong></span> <span class='ocrx_word' id='word_1_190' title='bbox 825 3642 913 3707; x_wconf 87' lang='lat' dir='ltr'><strong>laeta</strong></span> 
     </span>
     <span class='ocr_line' id='line_1_31' title="bbox 56 3757 990 3845; baseline -0.01 -15"><span class='ocrx_word' id='word_1_191' title='bbox 56 3782 106 3830; x_wconf 85' lang='grc'><strong>595</strong></span> <span class='ocrx_word' id='word_1_192' title='bbox 132 3761 279 3845; x_wconf 86' lang='lat' dir='ltr'><strong>gentibus</strong></span> <span class='ocrx_word' id='word_1_193' title='bbox 301 3759 449 3824; x_wconf 89' lang='lat' dir='ltr'><strong>humanis</strong></span> <span class='ocrx_word' id='word_1_194' title='bbox 471 3760 567 3824; x_wconf 89' lang='lat' dir='ltr'><strong>habet</strong></span> <span class='ocrx_word' id='word_1_195' title='bbox 588 3757 672 3822; x_wconf 88' lang='lat' dir='ltr'><strong>unde</strong></span> <span class='ocrx_word' id='word_1_196' title='bbox 695 3757 848 3821; x_wconf 85' lang='lat' dir='ltr'><strong>extollere</strong></span> <span class='ocrx_word' id='word_1_197' title='bbox 869 3759 990 3842; x_wconf 81' lang='lat' dir='ltr'><strong>possit,</strong></span> 
     </span>
     <span class='ocr_line' id='line_1_32' title="bbox 80 3856 927 3959; baseline -0.004 -20"><span class='ocrx_word' id='word_1_198' title='bbox 80 3856 82 3860; x_wconf 31' lang='lat'>⁸</span> <span class='ocrx_word' id='word_1_199' title='bbox 133 3875 217 3940; x_wconf 88' lang='lat' dir='ltr'><strong>unde</strong></span> <span class='ocrx_word' id='word_1_200' title='bbox 239 3875 335 3941; x_wconf 87' lang='lat' dir='ltr'><strong>etiam</strong></span> <span class='ocrx_word' id='word_1_201' title='bbox 357 3873 469 3940; x_wconf 86' lang='lat' dir='ltr'><strong>fluvios</strong></span> <span class='ocrx_word' id='word_1_202' title='bbox 491 3873 622 3939; x_wconf 84' lang='lat' dir='ltr'><strong>frondes</strong></span> <span class='ocrx_word' id='word_1_203' title='bbox 646 3879 677 3938; x_wconf 91' lang='lat' dir='ltr'><strong>et</strong></span> <span class='ocrx_word' id='word_1_204' title='bbox 698 3873 819 3959; x_wconf 88' lang='lat' dir='ltr'><strong>pabula</strong></span> <span class='ocrx_word' id='word_1_205' title='bbox 840 3873 927 3936; x_wconf 88' lang='lat' dir='ltr'><strong>laeta</strong></span> 
     </span>
     <span class='ocr_line' id='line_1_33' title="bbox 131 3987 931 4074; baseline -0.005 -18"><span class='ocrx_word' id='word_1_206' title='bbox 131 3990 315 4072; x_wconf 81' lang='lat' dir='ltr'><strong>montivago</strong></span> <span class='ocrx_word' id='word_1_207' title='bbox 338 3990 449 4072; x_wconf 87' lang='lat' dir='ltr'><strong>generi</strong></span> <span class='ocrx_word' id='word_1_208' title='bbox 469 3989 572 4074; x_wconf 93' lang='lat' dir='ltr'><strong>possit</strong></span> <span class='ocrx_word' id='word_1_209' title='bbox 592 3991 749 4074; x_wconf 90' lang='lat' dir='ltr'><strong>praebere</strong></span> <span class='ocrx_word' id='word_1_210' title='bbox 772 3987 931 4052; x_wconf 82' lang='lat' dir='ltr'><strong>ferarum.</strong></span> 
     </span>
    </p>
   </div>
   <div class='ocr_carea' id='block_1_3' title="bbox 135 4227 556 4298">
    <p class='ocr_par' dir='ltr' id='par_1_11' title="bbox 135 4227 556 4298">
     <span class='ocr_line' id='line_1_34' title="bbox 135 4227 556 4298; baseline -0.005 -14"><span class='ocrx_word' id='word_1_211' title='bbox 135 4236 185 4284; x_wconf 81' lang='grc'><strong>586</strong></span> <span class='ocrx_word' id='word_1_212' title='bbox 204 4233 237 4282; x_wconf 86' lang='lat' dir='ltr'><strong>Et</strong></span> <span class='ocrx_word' id='word_1_213' title='bbox 255 4246 320 4296; x_wconf 87' lang='lat' dir='ltr'><strong>quae</strong></span> <span class='ocrx_word' id='word_1_214' title='bbox 340 4227 353 4298; x_wconf 79' lang='grc' dir='ltr'>Η</span> <span class='ocrx_word' id='word_1_215' title='bbox 373 4231 423 4278; x_wconf 83' lang='grc'><strong>593</strong></span> <span class='ocrx_word' id='word_1_216' title='bbox 442 4230 481 4278; x_wconf 79' lang='lat' dir='ltr'><strong>Ex</strong></span> <span class='ocrx_word' id='word_1_217' title='bbox 499 4233 556 4282; x_wconf 89' lang='lat' dir='ltr'><strong>imis</strong></span> 
     </span>
    </p>
   </div>
   <div class='ocr_carea' id='block_1_4' title="bbox 0 0 1376 4658">
    <p class='ocr_par' dir='ltr' id='par_1_12' title="bbox 0 0 1376 4658">
     <span class='ocr_line' id='line_1_35' title="bbox 0 0 1376 4658; baseline 0 0"><span class='ocrx_word' id='word_1_218' title='bbox 0 0 1376 4658; x_wconf 95' lang='lat' dir='ltr'><strong> </strong></span> 
     </span>
    </p>
   </div>
  </div>
 </body>
</html>
