2744 4658
139 216 202 278 244
681 208 725 273 Vl

139 380 318 461 sangnine,
335 386 366 446 et
387 381 547 445 ulceribus
568 380 657 446 vocis
680 380 732 444 via
753 385 846 464 septa
868 380 993 455 coibat,

139 501 236 576 atque
260 496 357 559 animi
380 496 537 579 interpres
560 496 713 560 manabat
734 495 846 576 lingua
869 515 1002 577 cruore,

56 632 123 678 1150
140 610 309 675 debilitata
332 611 445 687 malis,
462 616 548 674 motu
571 611 699 693 gravis,
716 629 831 692 aspera
853 615 957 673 tactu.

138 726 213 790 inde
236 726 290 788 ubi
313 746 371 809 per·
393 726 503 790 fauces
526 732 636 808 pectus
659 723 834 809 complerat
856 731 888 788 et
909 723 1013 808 ipsum

139 840 286 906 morbida
307 840 409 905 visin
434 860 488 905 cor
509 846 663 904 maestum
687 837 883 903 confluxerat
905 839 1031 921 aegris,

141 956 248 1020 omnia
270 960 335 1019 tum
359 975 435 1019 vero
458 954 533 1017 vitai
557 953 697 1018 claustra
719 954 893 1018 lababant.

139 1053 269 1151 spiritus
293 1091 348 1134 ore
369 1069 454 1133 foras
477 1074 613 1133 taetrum
637 1068 790 1134 volvebat
811 1068 962 1151 odorem,

58 1206 124 1252 1155
140 1185 274 1248 rancida
297 1205 360 1265 quo
383 1184 529 1268 perolent
551 1183 696 1267 proiecta
719 1183 878 1248 cadavera
900 1184 982 1247 ritu.

139 1307 236 1380 atque
259 1299 355 1363 animi
379 1319 524 1384 prorsum
547 1306 614 1363 turn
637 1299 722 1363 vires
745 1298 861 1382 totius,
879 1318 973 1364 omne

139 1414 315 1496 languebat
340 1434 474 1497 corpus,
490 1414 545 1478 leti
568 1413 632 1478 iam
657 1414 764 1478 limine
785 1414 819 1477 in
842 1415 933 1498 ipso.

140 1527 462 1608 intolerabilibusque
486 1528 579 1593 malis
602 1536 671 1593 erat
693 1530 807 1594 anxius
830 1550 933 1611 angor

140 1642 274 1707 adsidue
296 1662 404 1706 comes
427 1647 459 1706 et
482 1643 602 1723 gemitu
626 1644 797 1709 commixta
821 1644 987 1726 querella.

57 1781 124 1826 1160
141 1753 364 1838 singultusque
385 1757 537 1840 frequens
560 1764 684 1822 noctem
708 1779 764 1841 per
787 1778 884 1842 saepe
906 1757 1056 1840 diemque

141 1874 301 1956 corripere
324 1871 460 1936 adsidue
481 1892 597 1938 nervos
621 1879 652 1937 et
674 1874 816 1937 membra
839 1879 988 1938 coactans

142 1988 341 2053 dissoluebat
363 2008 438 2065 eos,
455 1988 604 2054 defessos
627 1994 720 2071 ante,
737 1988 897 2072 fatigans.

139 2125 199 2168 nec
222 2103 319 2168 nimio
343 2103 489 2185 cuiquam
513 2124 627 2189 posses
650 2105 764 2167 ardore
786 2104 868 2168 tueri

141 2220 283 2302 corporis
306 2218 338 2281 in
362 2238 484 2283 summo
508 2238 665 2282 summam
688 2217 870 2282 fervescere
893 2224 1037 2302 partem,

56 2357 123 2403 nes
140 2332 198 2400 sed
221 2333 327 2416 potius
349 2332 490 2415 tepidum
516 2333 662 2396 manibus
684 2352 865 2417 proponere
887 2338 1005 2398 tactum

140 2453 171 2512 et
194 2447 286 2512 simul
311 2447 470 2512 ulceribus
494 2448 588 2530 quasi
611 2448 725 2513 inustis
749 2467 841 2512 omne
864 2448 978 2512 rubere

139 2583 274 2646 corpus,
292 2568 327 2626 ut
349 2568 398 2627 est
419 2582 476 2648 per
498 2564 642 2628 membra
664 2583 757 2629 sacer
780 2562 854 2627 dum
879 2563 996 2627 diditur
1018 2564 1121 2647 ignis.

138 2678 349 2762 intimapars
373 2678 533 2743 hominum
556 2698 631 2743 vero
654 2679 814 2763 flagrabat
836 2679 878 2743 ad
901 2700 997 2756 ossa,

136 2794 296 2875 flagrabat
320 2793 484 2858 stomacho
507 2793 635 2857 flamma
660 2801 694 2858 ut
716 2793 903 2859 fornacibus
924 2795 1030 2860 intus.

55 2932 122 2977 1110
138 2909 184 2973 nil
207 2908 288 2972 adeo
310 2929 423 2991 posses
448 2909 598 2990 cuiquam
621 2909 692 2972 leve
714 2913 871 2991 tenveque
894 2911 1045 2977 membris

137 3031 258 3089 vertere
281 3024 314 3087 in
338 3024 526 3099 utilitatem,
544 3028 576 3086 11
598 3029 725 3088 ventum
749 3031 781 3089 et
803 3025 926 3107 frigora
949 3048 1094 3113 semper.

136 3140 169 3202 in
192 3138 307 3204 fluvios
329 3138 444 3223 partim
466 3137 593 3222 gelidos
617 3139 763 3204 ardentia
785 3143 896 3205 morbo

138 3255 280 3318 membra
302 3253 441 3337 dabant,
459 3254 577 3317 nudum
601 3253 754 3318 iacientes
778 3273 892 3340 corpus
914 3256 947 3320 in
968 3257 1092 3322 undas.

54 3390 121 3436 1178
138 3369 227 3433 multi
252 3369 445 3453 praecipites
469 3368 607 3452 lymphis
630 3369 812 3452 putealibus
835 3370 900 3437 alte

54 3506 121 3551 1114
138 3484 337 3561 inciderunt,
353 3485 423 3569 ipso
449 3484 613 3549 venientes
637 3503 691 3548 ore
714 3490 864 3568 patente:

136 3599 360 3666 insedabiliter
383 3600 452 3665 sitis
475 3599 587 3683 arida,
604 3620 740 3685 corpora
763 3621 926 3677 mersans,

61 3794 65 3802 .
138 3716 299 3797 aequabat
320 3717 451 3780 multum
474 3715 582 3799 parvis
605 3716 768 3781 umoribus
790 3717 944 3781 imbrem.

137 3915 338 3924 ——.

142 4019 208 4066 1148
227 4018 352 4069 viceribus
377 4017 390 4086 ΙΙ
419 4019 521 4069 coibet.
549 4016 561 4087 11
592 4022 659 4068 1150
678 4027 761 4068 taeta.
789 4016 802 4086 11
833 4021 900 4069 1153
919 4027 973 4068 tum
992 4019 1048 4070 bis.
1078 4017 1091 4085 ll
1123 4022 1269 4072 1156111111

140 4107 280 4156 omissam.
301 4104 313 4174 11
337 4109 403 4154 1165
423 4107 500 4155 totius
520 4101 533 4173 11
557 4109 622 4155 1166
642 4106 798 4177 111111111111
821 4111 887 4157 1167
907 4107 932 4156 vi
946 4115 983 4157 est
1003 4104 1016 4175 Η
1039 4111 1103 4157 1171
1118 4108 1238 4159 Verterat
1252 4107 1266 4178 ΙΙ

141 4193 237 4258 frigore
258 4192 271 4261 Η
294 4195 360 4242 1178
379 4195 496 4258 nymphis
