2744 4658
686 256 729 320 111

68 448 115 494 uo
141 448 207 492 non
229 428 293 492 alio
317 435 412 512 pacto
437 448 531 509 quarn
555 429 602 511 si,
619 448 677 513 pes
701 448 772 492 cum
795 427 881 493 dolet
904 428 1014 511 aegri,

139 544 172 608 in
195 544 284 608 nullo
307 550 403 627 caput
426 542 550 608 interea
574 544 615 608 sit
636 543 717 608 forte
741 544 871 608 dolore.

139 664 309 742 praeterea
331 638 430 722 molli
445 678 516 722 cum
539 679 650 723 sonmo
674 658 784 722 dedita
806 659 948 722 membra

140 773 341 855 effusumque
363 773 447 837 iacet
469 773 538 838 sine
562 793 657 837 sensu
682 793 797 857 corpus
820 772 1012 849 honustum,

140 894 191 954 est
213 888 303 953 aliud
325 895 434 953 tamen
456 889 489 952 in
512 889 606 953 nobis
630 889 717 970 quod
739 895 884 972 tempore
906 888 938 952 in
961 889 1026 954 ullo

68 1025 113 1072 115
139 1004 337 1069 multimodis
360 1004 501 1086 agitatur
524 1009 556 1068 et
579 1004 682 1068 omnis
704 1003 819 1088 accipit
840 1003 873 1067 in
895 1024 930 1069 ee

138 1119 281 1184 laetitiae
304 1125 407 1183 motus
432 1124 464 1183 et
486 1139 579 1184 curas
603 1119 709 1183 cordis
732 1119 858 1183 inanis.

139 1255 228 1300 nunc
251 1234 388 1298 auimam
413 1253 540 1316 quoque
562 1239 596 1297 ut
618 1234 651 1298 in
674 1233 825 1298 membris
850 1253 1046 1315 cognoscere
1068 1235 1175 1319 possin

140 1369 234 1434 esee,
251 1370 355 1432 neque
377 1349 547 1414 harmonia
570 1371 684 1434 eorpus
708 1350 844 1414 eenteire
867 1350 993 1434 solere,

138 1465 299 1551 principio
322 1464 357 1529 fit
379 1466 424 1528 uti
447 1466 589 1531 detracto
614 1485 745 1550 corpore
767 1467 866 1530 multo

68 1603 115 1651 mo
141 1601 241 1666 saepe
262 1588 371 1647 tamen
393 1584 488 1648 nobis
509 1584 541 1647 in
564 1583 714 1648 membris
736 1584 803 1648 vita
824 1590 985 1650 moretur:

141 1703 241 1778 atque
264 1697 376 1763 eadem
399 1719 544 1778 rursum,
562 1720 633 1763 cum
656 1720 793 1783 corpora
815 1720 918 1783 pauca
941 1699 1057 1764 caloris

143 1811 299 1896 diffugere
321 1811 474 1895 forasque
496 1834 554 1897 per
577 1833 612 1878 os
636 1819 684 1878 eet
706 1814 810 1878 editus
833 1822 908 1898 aer,

145 1927 264 1993 deserit
286 1929 444 2013 extempio
466 1948 565 1992 venas
589 1935 686 2010 atque
709 1949 785 1993 ossa
807 1928 978 2011 relinquit3

142 2061 277 2108 noscere
300 2049 335 2106 ut
354 2042 429 2107 hinc
450 2045 555 2128 possis
578 2064 641 2107 non
665 2062 786 2125 aequas
810 2044 916 2108 omnia
937 2043 1039 2128 partis

68 2179 117 2227 125
143 2177 281 2242 corpora
300 2158 546 2239 habereneque
570 2178 609 2222 ex
633 2177 737 2238 aequo
761 2156 874 2223 fulcire
897 2161 1055 2244 salutem,

140 2272 202 2340 sed
223 2273 327 2355 magis
349 2272 448 2350 haec,
464 2273 551 2338 venti
574 2293 656 2354 quae
680 2279 753 2337 sunt
775 2273 937 2356 calidique
959 2275 1088 2359 vaporis

142 2389 289 2466 semina,
307 2408 418 2453 curare
442 2389 475 2451 in
497 2389 648 2453 membris
671 2395 705 2452 ut
726 2389 793 2453 vita
817 2397 972 2453 moretur.

144 2510 195 2569 est
215 2504 311 2588 igitur
334 2503 422 2568 calor
445 2524 484 2567 ao
505 2510 617 2566 ventus
640 2504 745 2568 vitalis
768 2506 800 2569 in
823 2505 894 2588 ipso

145 2638 298 2703 corpore,
316 2618 371 2700 qui
393 2617 486 2683 nobis
508 2616 716 2681 moribundos
739 2617 856 2681 deserit
878 2625 985 2683 artus.

68 2756 119 2804 130
145 2753 210 2815 qua
231 2739 361 2817 propter
382 2733 535 2814 quoniam
558 2738 606 2797 est
628 2731 727 2796 animi
750 2738 865 2796 natura
889 2738 1014 2816 reperta

144 2856 241 2930 atque
264 2847 388 2912 animae
412 2847 504 2929 quasi
525 2867 603 2931 pare
625 2846 782 2931 hominis,
799 2847 899 2912 redde
921 2846 1101 2911 harmoniai

144 2982 284 3046 nomen,
301 2961 341 3025 ad
367 2961 536 3042 organicos
559 2962 623 3025 alto
649 2962 790 3027 delatum
812 2962 982 3041 Heliconi;

146 3079 214 3142 sive
237 3076 368 3141 aliunde
390 3077 452 3161 ipsi
475 3097 569 3160 porro
593 3083 720 3142 traxere
745 3077 830 3142 etin
853 3077 944 3140 illam

145 3191 395 3273 transtulerunt,
411 3193 541 3275 proprio
566 3212 649 3272 quac
673 3197 738 3256 tum
761 3213 813 3256 res
835 3193 965 3257 nomine
989 3194 1124 3276 egebat.

67 3328 118 3375 rao
146 3305 302 3388 quidquid
323 3305 356 3369 id
380 3311 447 3389 est,
464 3306 624 3370 habeaut:
642 3313 677 3370 tu
701 3313 808 3372 cetera
831 3306 961 3390 percipe
985 3307 1090 3371 dicta.

183 3419 277 3485 Nune
300 3421 442 3485 animum
465 3427 562 3501 atque
584 3421 723 3484 animam
746 3421 817 3486 dico
842 3422 1010 3485 coniuncta
1032 3423 1136 3486 tenori

145 3535 227 3600 inter
249 3555 283 3600 se
307 3541 402 3616 atque
424 3556 519 3599 unam
542 3541 687 3598 naturam
711 3535 865 3600 conticere
889 3556 928 3601 ex
952 3557 1006 3612 se,

147 3650 205 3716 sed
228 3656 325 3735 caput
348 3670 419 3716 esse
443 3651 535 3732 quasi
560 3655 591 3714 et
614 3649 770 3714 dominari
792 3649 824 3711 in
848 3632 982 3735 corpore
1004 3656 1070 3715 toto

147 3765 334 3848 eonsilium,
353 3765 439 3846 quod
462 3785 521 3829 nos
533 3756 685 3828 'animum
709 3770 909 3846 mentemque
930 3784 1102 3829 vocamus.

71 3902 123 3950 140
148 3880 248 3962 idque
270 3879 365 3945 situm
389 3879 495 3944 media
516 3879 648 3961 regione
670 3879 701 3942 in
724 3880 863 3962 pectoris
883 3878 1015 3944 haeret.

147 3995 199 4059 hic
222 3994 345 4059 exultat
367 3994 451 4059 enim
473 4015 573 4078 pavor
596 4015 633 4060 ac
656 4000 778 4072 metue,
794 3994 875 4059 haec
896 3994 966 4058 loca
991 3994 1108 4058 circum

148 4149 350 4160 —-—-—--——

153 4240 203 4291 118
221 4237 325 4288 interire
346 4236 359 4308 tt
382 4241 430 4288 132
449 4239 504 4288 altu
525 4236 537 4307 ii
560 4240 607 4290 135
628 4238 654 4287 id
674 4238 814 4290 cotiarum.
