2744 4658
173 272 233 336 102
711 266 754 329 Ill

81 400 145 507 *aas
170 458 250 522 nec,
267 443 331 502 tam
354 443 523 503 contextae
545 457 614 502 eum
638 437 720 520 sint,
739 437 827 500 exire
849 435 997 500 videntur

171 554 346 619 incolumes
367 573 463 638 posse
487 559 519 617 et
540 553 649 618 salvas
672 551 838 616 exsolvere
861 569 932 615 sese

172 668 319 733 omnibus
342 687 359 732 e
381 669 486 733 nervis
510 673 607 749 atque
632 667 758 732 ossibus
781 665 1007 746 articulisque.

171 783 257 866 quod
279 782 306 847 si
329 781 411 847 forte
434 787 529 866 putas
551 782 748 847 extrinsecus
770 779 963 844 insinuatam

170 916 361 982 permanare
384 897 526 961 animam
548 897 641 962 nobis
665 916 722 981 per
743 895 886 959 membra
909 896 1033 980 solere,

97 1035 146 1080 τοι)
171 1018 259 1076 tauto
283 1012 401 1093 quique
424 1013 527 1095 magis
550 1033 620 1076 cum
643 1031 775 1095 corpore
797 1010 869 1075 fusa
891 1010 1027 1094 peribit:

173 1127 259 1209 quod
283 1134 450 1209 permanat
472 1129 556 1192 euim
580 1127 783 1201 dissolvitur,
800 1126 907 1190 interit
929 1145 1024 1209 ergo.

171 1241 355 1326 dispertitus
379 1243 462 1306 enim
485 1260 543 1327 per
565 1242 675 1306 caulas
699 1240 840 1324 corporis
864 1216 981 1305 omnisx

171 1363 206 1421 ut
228 1356 336 1439 cibus,
352 1357 385 1420 in
407 1357 549 1449 membra
572 1362 669 1437 atque
692 1363 781 1420 artus
805 1375 875 1420 eum
899 1353 1017 1418 diditur
1039 1353 1161 1429 omnia,

172 1471 305 1554 disperit
327 1476 422 1551 atque
446 1470 543 1534 aliam
566 1478 712 1534 naturam
735 1470 848 1534 sufficit
870 1489 910 1535 ex
933 1488 988 1547 se,

97 1606 146 1652 roa
173 1586 218 1649 sio
241 1584 349 1648 anima
373 1591 467 1666 atque
491 1585 615 1648 animus
640 1585 786 1665 quarnvis
808 1584 934 1667 integra
956 1603 1068 1648 reeens
1089 1583 1123 1646 in
1169 1559 1176 1573 ⁸

173 1719 288 1782 eorpus
313 1704 408 1781 eunt,
425 1702 532 1760 tamen
553 1696 586 1759 in
609 1697 772 1763 manando
796 1698 1031 1781 dissoluuntur,

171 1812 246 1876 dum
270 1813 362 1894 quasi
386 1834 442 1897 per
465 1814 577 1878 caulas
601 1815 703 1878 omnis
727 1813 877 1877 diduntur
899 1814 931 1876 in
955 1821 1041 1877 artus

169 1928 343 2012 particulae
367 1929 480 2010 quibus
504 1930 585 1993 haee
607 1929 704 1993 animi
727 1935 839 1992 natura
862 1934 1007 2005 creatur,
1035 1966 1037 1970 2

170 2063 256 2124 quae
278 2063 364 2108 nune
386 2043 418 2106 in
442 2049 549 2109 nostro
573 2042 754 2107 dominatur
777 2062 909 2126 corpore
932 2048 1008 2106 nata

97 2178 146 2223 vro
171 2175 212 2221 ex
233 2157 289 2220 illa
313 2177 395 2238 quae
418 2164 483 2221 tum
505 2158 598 2242 periit
619 2158 736 2242 partita
758 2176 815 2240 per
838 2163 945 2221 artus.

171 2292 234 2352 qua
257 2277 387 2354 propter
409 2290 513 2352 neque
536 2273 638 2336 natali
660 2272 783 2355 privata
805 2270 931 2335 videtur

171 2405 242 2452 esse
265 2386 316 2449 die
339 2391 455 2449 natura
478 2386 604 2450 animae
626 2405 686 2451 nec
708 2386 829 2451 funeris
852 2406 987 2470 expers.

214 2500 344 2565 Semina
365 2506 534 2585 praeterea
556 2501 759 2587 linquontur,
777 2522 898 2586 necne,
915 2502 1034 2566 animai

170 2635 305 2701 corpore
327 2617 360 2679 in
382 2617 559 2682 exanimo?
579 2618 664 2700 quod
687 2619 715 2683 si
737 2619 896 2683 lincuntur
918 2623 949 2682 et
970 2616 1097 2693 insunt,

98 2752 146 2799 ιιι
172 2730 251 2796 haut
273 2731 332 2796 erit
352 2733 521 2797 atmerito
543 2733 720 2799 inmortalis
742 2735 844 2817 possit
866 2733 1000 2810 baberi,

169 2847 312 2932 partibus
335 2848 461 2914 amissis
485 2850 636 2931 quoniam
659 2849 760 2912 libata
782 2849 932 2913 recessit:

170 2962 218 3025 sin
242 2963 288 3027 ita
311 2963 443 3028 sinceris
466 2963 614 3027 membris
637 2964 746 3029 ablata
767 2963 926 3049 profugit,

168 3083 204 3140 ut
226 3075 330 3140 nullas
353 3078 452 3160 partis
473 3077 506 3139 iu
529 3098 662 3162 corpore
685 3079 813 3160 liquerit
835 3099 874 3142 ex
898 3097 952 3161 se,

168 3192 254 3256 unde
278 3191 437 3284 cadavera
459 3194 602 3258 rancenti
623 3195 686 3257 iam
710 3195 830 3259 viscere
853 3211 977 3258 vermes

95 3328 145 3375 ιιι)
172 3307 339 3392 expirant,
358 3313 453 3389 atque
476 3309 560 3373 unde
584 3309 781 3373 animantum
803 3308 896 3393 copia
917 3314 1008 3373 tanta

169 3442 248 3486 exos
270 3427 302 3487 et
324 3423 479 3506 exanguis
500 3423 637 3488 tumidos
658 3424 846 3508 perfluctuat
868 3429 956 3488 artus
967 3425 984 3487 ἱ)

169 3537 255 3618 quod
277 3537 304 3601 si
326 3536 408 3602 forte
431 3538 556 3603 animas
578 3540 775 3604 extrinsecus
796 3538 953 3604 insinuari

168 3651 327 3717 vermibus
351 3658 382 3718 et
404 3655 514 3738 privas
536 3654 569 3718 in
594 3675 729 3740 corpora
751 3673 848 3738 posse
869 3652 980 3718 venire

168 3764 271 3831 credis
284 3817 292 3851 ‚
307 3787 368 3833 nec
390 3775 518 3853 reputas
541 3790 597 3834 cur
617 3769 707 3835 milia
729 3770 829 3834 multa
850 3769 1028 3833 animarum

95 3900 143 3948 ιιι
169 3882 362 3948 conveniant
384 3883 469 3950 unde
492 3905 557 3949 una
579 3884 765 3971 recesserit,
782 3883 843 3950 boe
865 3889 972 3949 tamen
995 3888 1043 3948 est
1064 3887 1100 3946 ut

166 4049 368 4059 *—

171 4153 219 4200 702
244 4152 399 4215 Dispertitur
417 4167 478 4215 ergo
511 4151 524 4218 Η
558 4157 607 4204 705
631 4155 745 4217 quamvis
764 4164 801 4204 est
825 4152 838 4224 Η
864 4155 892 4203 in
910 4154 1050 4204 curiarum.
1081 4149 1094 4223 ΙΙ
1127 4156 1177 4204 710
1196 4166 1256 4205 tunc
1277 4150 1290 4223 ΙΙ

171 4241 219 4288 718
244 4238 277 4289 Et
302 4234 315 4308 ΙΙ
342 4241 391 4287 719
410 4240 492 4288 vicere
517 4236 531 4308 Η
558 4242 606 4289 723
625 4243 698 4307 priva
715 4242 736 4291 si
1023 4239 1030 4250 ‘
