2744 4658
164 239 224 303 142
692 233 749 295 1111

86 427 134 473 aar
161 425 313 491 proceros
335 424 472 489 passus,
488 404 561 469 ideo
585 404 712 488 fastigia
734 423 831 488 pesse

161 541 304 586 surarum
328 539 367 583 ae
388 518 540 584 feminum
562 519 696 603 pedibus
718 519 852 584 fundata
873 520 1005 605 plicari,

159 636 310 701 bracchia
332 643 397 699 tum
419 619 524 718 porre'
537 631 655 699 validis
678 655 718 700 ex
741 642 817 719 apta
840 637 971 701 laeertis

84 775 134 821 830
160 773 231 830 esse
255 770 432 831 manusque
456 750 548 815 datas
571 757 705 834 utraque
728 759 883 837 exparte
907 751 1086 834 ministras,

161 875 195 932 ut
216 867 323 931 faeere
346 865 387 929 ad
409 866 507 929 vitam
529 887 698 951 possemus
720 888 805 950 quae
828 869 909 932 soret
931 888 1028 932 usus.

160 990 276 1050 eetera·
290 981 331 1046 de
353 1001 472 1064 genere
494 982 555 1047 hee
578 983 660 1047 inter
683 1003 764 1065 quae
788 1003 921 1065 eumque
943 989 1129 1068 metantur,

161 1099 267 1163 emnia
289 1118 442 1182 perversa
464 1104 672 1181 praepostera
695 1105 768 1163 sunt
790 1099 933 1176 ratione3

160 1215 204 1278 nil
227 1213 300 1278 ideo
324 1213 475 1294 quoniam
498 1218 638 1278 natumst
660 1214 692 1278 in
716 1235 849 1298 eerpere
871 1221 905 1278 ut
926 1213 972 1278 uti

85 1350 135 1396 835
160 1336 347 1413 possemus,
364 1328 421 1392 sed
445 1327 531 1408 qued
553 1335 693 1394 natumst
714 1330 746 1393 id
770 1334 918 1413 procreat
938 1349 1050 1394 usum.

130 1490 133 1495 -
159 1464 218 1508 nee
240 1443 299 1506 suit
321 1450 395 1506 ante
417 1441 527 1507 videre
550 1445 710 1509 ueuierurrr
734 1445 855 1508 lumina
877 1450 1006 1519 natum,

161 1578 219 1622 nee
242 1556 334 1621 dietis
358 1577 451 1622 erare
473 1559 562 1641 prius
585 1580 680 1640 quarn
704 1560 813 1639 lingua
837 1564 991 1641 ereatast,

160 1672 218 1737 sed
241 1672 347 1757 potius
369 1673 464 1757 longe
488 1674 616 1755 linguae
639 1674 814 1757 praecessit
836 1674 926 1753 erige

161 1808 359 1865 sennonem,
376 1789 539 1871 ruulteque
562 1796 689 1862 creatae
713 1795 786 1855 sunt
807 1788 894 1872 prius
917 1809 1008 1854 aures

87 1925 137 1971 sae
164 1924 258 1986 quarn
282 1924 381 1969 senus
404 1911 453 1969 est
475 1905 622 1989 auditus,
640 1911 672 1969 et
695 1905 802 1970 omnia
825 1905 964 1986 denique
987 1906 1132 1971 membra

113 2059 119 2069 ·
162 2025 236 2084 ante
259 2020 368 2097 fuere,
385 2026 419 2083 ut
441 2021 573 2105 opinor,
591 2041 701 2085 eorurn
724 2040 819 2101 quani
842 2021 923 2085 feret
946 2040 1042 2086 usus:

160 2134 246 2199 haud
268 2135 364 2216 igitur
387 2141 518 2217 potuere
540 2135 650 2199 utendi
672 2154 815 2200 creseere
838 2155 954 2198 eausa.

159 2256 192 2312 at
214 2255 324 2314 eontra
347 2249 493 2315 conferre
516 2271 613 2315 uranu
635 2250 808 2314 certamina
829 2269 958 2334 pugnae

160 2369 192 2429 et
214 2365 357 2430 lacerare
380 2372 469 2430 artus
491 2365 686 2447 foedareque
710 2366 852 2429 membra
875 2385 986 2429 eruore

86 2500 135 2545 545
160 2487 233 2543 ante
255 2479 312 2542 suit
334 2481 431 2544 multe
456 2500 553 2562 quarn
575 2481 682 2545 lueida
704 2455 956 2555 tela‘veiarenn

161 2601 192 2658 et
213 2594 327 2674 uolnus
349 2595 449 2661 vitare
472 2597 558 2680 prius
581 2603 696 2661 nat-ura
719 2597 823 2678 ee‘egit

161 2722 255 2790 quam
279 2710 373 2776 daret
396 2711 553 2777 obiectum
575 2711 698 2795 parmai
721 2711 815 2774 laeva
837 2729 895 2793 per
918 2715 1039 2772 artem.

160 2825 300 2901 scilieet,
317 2832 348 2890 et
370 2826 489 2891 fessum
514 2846 628 2911 eorpus
652 2824 807 2889 mandare
830 2823 929 2905 quieti

159 2940 256 3004 multe
280 2940 439 3021 antiquius
463 2947 513 3005 est
535 2961 629 3021 quarn
653 2940 725 3004 leeti
747 2938 859 3003 mollia
881 2943 1001 3018 strata,

84 3074 134 3122 850
160 3060 192 3118 et
213 3053 326 3118 sedare
349 3053 431 3117 sitim
454 3054 544 3138 prius
565 3059 613 3118 est
636 3075 732 3136 quam
754 3052 871 3139 poeula
894 3059 1024 3118 uatum.

160 3169 241 3233 haee
263 3168 360 3249 igitur
381 3176 517 3251 pessunt
539 3170 649 3234 utendi
672 3171 800 3253 cognita
823 3189 921 3233 eausa

161 3282 304 3366 eredier,
322 3302 362 3346 ex
384 3303 445 3348 usu
467 3304 549 3365 quae
572 3291 645 3349 suut
667 3287 795 3367 vitaque
818 3287 966 3370 reperta.

159 3398 215 3460 illa
238 3398 366 3478 quidem
389 3419 531 3463 seersum
553 3405 626 3462 sunt
647 3400 754 3463 omnia
766 3448 774 3481 ,
792 3418 873 3480 quae
895 3397 984 3481 prius
1006 3397 1079 3480 ipsa

159 3512 377 3579 nata.dedere
401 3532 479 3577 suae
502 3520 576 3597 pest
597 3515 741 3579 notitiam
763 3512 928 3577 utilitatis.

84 3649 134 3696 855
161 3649 222 3710 quo
246 3647 365 3708 genere
388 3628 420 3692 in
442 3628 554 3712 primis
577 3649 691 3694 sensus
714 3634 745 3694 et
767 3628 910 3692 membra
932 3626 1097 3705 vidernus3

160 3764 260 3826 quare
283 3743 379 3808 etiam
401 3749 500 3825 atque
523 3728 753 3828 etiarnpreeul
777 3749 879 3807 estut
903 3741 1032 3808 eredere
1056 3742 1161 3825 pessis

162 3858 308 3922 utilitatis
332 3859 372 3923 ob
397 3857 536 3923 efficium
558 3858 701 3941 petuisse
725 3857 826 3922 creari
840 3856 868 3944 .]

164 4135 213 4181 829
233 4133 346 4182 Bacchis
368 4127 381 4197 Η
400 4133 451 4180 830
471 4134 661 4182 examinarem.
683 4131 697 4202 Η
716 4136 766 4182 838
785 4142 862 4181 nuta.
884 4130 896 4198 Η
918 4134 968 4180 843
987 4148 1104 4181 eonserre
1124 4130 1137 4201 Η
1158 4136 1207 4184 84ῖ
1228 4151 1284 4199 par·

163 4229 216 4268 ruat
236 4218 249 4286 Η
271 4222 321 4268 856
340 4218 416 4282 pecul
