2744 4658
161 230 221 292 188
707 222 734 286 V

159 395 391 480 nympharum,
409 393 524 474 quibus
547 411 565 456 e
588 393 711 457 scibant
734 394 843 458 umori'
865 392 986 458 fluenta

83 530 133 577 oso
159 508 283 574 lubrica
303 507 447 592 proluvie
469 507 561 590 larga
583 508 692 572 lavere
715 507 825 572 umida
848 528 950 583 saxa,

159 622 269 686 umida
291 641 394 698 saxa,
411 642 507 705 snper
528 622 618 687 viridi
643 621 797 686 stillantia
818 642 947 705 musco,

159 744 191 802 et
213 736 329 821 partim
353 736 450 818 plano
473 742 596 800 scatere
619 743 714 817 atquc
737 755 901 821 erumpere
924 755 1057 819 eampo.

159 872 220 916 nec
243 849 317 913 dum
341 869 393 914 res
415 849 483 930 igni
507 849 632 914 scibant
653 856 791 916 tractare
813 870 918 933 neque
940 848 986 912 uti

161 965 300 1050 pellibus
324 971 354 1028 et
377 964 488 1048 spoliis
512 984 627 1047 corpus
649 965 767 1029 vestire
789 964 950 1049 ferarum,

87 1101 136 1147 oss
163 1080 220 1144 sed
243 1097 375 1143 nemora
398 1083 493 1159 atque
517 1098 614 1143 cavos
636 1052 752 1144 mobtis
776 1080 936 1161 silvasque
959 1079 1129 1162 colebant,
1208 1087 1209 1090 ’

161 1199 192 1259 91
215 1193 343 1257 frutices
366 1192 450 1258 inter
473 1192 654 1257 condebant
677 1193 826 1275 squalida
849 1195 1009 1270 membra,

160 1308 294 1372 verbera
316 1314 483 1373 ventorum
505 1308 606 1371 vitare
627 1308 803 1390 imbrisque
829 1308 948 1374 coacti.

161 1443 222 1487 nec
244 1442 409 1487 commune
431 1422 549 1486 bonum
573 1407 721 1507 poterant
743 1430 910 1507 spectare,
929 1442 1031 1504 neque
1054 1421 1129 1487 ullis

159 1537 301 1601 moribus
324 1537 406 1600 inter
430 1555 463 1600 se
487 1537 612 1601 scibant
633 1557 693 1602 nec
716 1539 840 1621 legibus
863 1538 928 1602 uti.

86 1673 136 1719 999
162 1652 248 1733 quod
272 1652 386 1731 cuique
409 1650 566 1715 obtulerat
588 1651 730 1735 praedae
752 1651 899 1732 fortuna,
916 1651 1042 1717 ferebat

160 1774 274 1850 sponte
297 1785 357 1830 sua
380 1765 441 1830 sibi
465 1767 598 1848 quisque
621 1768 730 1832 valere
754 1774 784 1831 91
806 1766 915 1832 919999
937 1767 1068 1834 doctus.

161 1888 193 1947 et
217 1883 325 1946 Venus
347 1881 381 1944 19
403 1880 492 1945 911919
514 1881 668 1966 iungebat
691 1902 825 1967 corpora
847 1889 1032 1948 amantum:

162 1997 355 2062 conciliabat
377 1974 462 2060 enim
486 1997 535 2060 vel
560 2001 668 2060 mutua
691 2018 849 2079 quamque
873 1998 989 2083 cupido

160 2114 211 2175 vel
233 2113 374 2178 violenta
396 2111 455 2174 viri
478 2111 526 2174 vis
548 2117 646 2192 atque
669 2111 806 2195 inpensa
828 2112 928 2178 libido

86 2250 136 2296 sss
162 2228 211 2291 vel
235 2228 393 2311 pretium,
411 2223 549 2305 glandes
572 2232 666 2306 atque
690 2226 795 2290 arbita
817 2227 867 2291 991
888 2206 957 2311 pira
978 2228 1085 2293 lecta.

161 2349 193 2406 et
216 2361 367 2406 manuum
390 2340 468 2403 mira
491 2341 564 2415 freti
586 2341 700 2406 virtute
723 2343 904 2426 pedumque

161 2457 427 2522 consectabantur
449 2455 607 2521 silvestria
630 2457 740 2522 saecla
763 2456 925 2543 ferarum,
997 2432 1000 2438 ἱ

161 2573 324 2653 multaque
345 2571 535 2656 vincebant,
550 2572 697 2636 vitabant
719 2593 821 2656 pauca
843 2573 995 2659 latebris,

163 2687 394 2769 saetigerisque
417 2707 512 2772 pares
537 2688 635 2752 subus

7 2872 11 2881 ,
87 2825 136 2872 ers
161 2803 332 2869 missilibus
354 2803 442 2868 saxis
464 2810 496 2867 et
516 2823 634 2887 magno
658 2803 800 2888 pondere
822 2804 956 2869 clavae.

660 2917 820 2982 silvestria
842 2921 986 2985 membra

86 3056 136 3102 999
163 3033 250 3097 nuda
273 3032 396 3096 dabant
417 3037 541 3106 199999,
557 3036 711 3095 99919999
734 3038 878 3117 ternpore
901 3015 1034 3119 captis

163 3149 279 3212 circum
303 3165 338 3210 se
360 3144 444 3209 loliis
466 3164 504 3209 ao
526 3145 695 3212 frondibus
716 3147 934 3215 involventes.
996 3216 1000 3222 ,

161 3282 219 3327 999
242 3261 398 3345 plangore
421 3259 507 3326 diem
530 3281 649 3342 magno
673 3261 836 3344 solemque
858 3283 916 3347 per
938 3283 1034 3345 agros
1104 3257 1112 3270 ’

163 3376 359 3457 quaerebant
381 3375 489 3460 pavidi
510 3377 663 3460 palantes
685 3377 787 3442 noctis
810 3377 843 3441 in
865 3378 1005 3455 umbris,

164 3489 223 3554 sed
246 3489 331 3554 taciti
354 3492 579 3575 respectabant
600 3510 776 3574 somnoque
798 3492 936 3575 sepulti,

88 3629 137 3674 svo
162 3606 235 3670 dum
260 3626 352 3669 rosea
374 3605 445 3671 lace
468 3606 516 3670 sol
538 3606 667 3672 inferret
689 3607 811 3672 lumina
833 3607 943 3672 caelo:

163 3741 184 3785 a
206 3720 315 3804 parvis
339 3720 425 3801 quod
449 3721 531 3786 enim
555 3729 748 3788 consuerant
770 3741 900 3787 eernere
922 3742 1049 3808 semper

163 3836 287 3902 alterno
309 3835 458 3900 tenebras
480 3841 512 3901 et
533 3836 636 3902 lucem
657 3843 800 3921 tempore
822 3837 932 3922 gigni,

164 3971 227 4016 non
251 3957 321 4016 erat
343 3956 377 4013 ut
397 3951 466 4014 lieri
487 3956 597 4037 posset
620 3951 764 4018 mirarier
786 3973 935 4035 umquam

168 4118 217 4165 949
231 4132 318 4167 umore
339 4110 352 4182 11
374 4114 581 4184 9599991999111
603 4121 652 4168 959
665 4119 780 4168 sciebant
800 4116 813 4186 11
834 4119 1000 4183 9691989999
1020 4116 1033 4185 11
1055 4120 1106 4168 979
1120 4118 1259 4172 Nudabant
1273 4117 1286 4188 11

167 4206 217 4255 979
231 4204 330 4271 parvidi
352 4201 364 4272 11
386 4205 435 4251 976
455 4211 526 4254 99199
547 4201 559 4272 11
574 4206 630 4254 ’977
650 4205 759 4272 Aper-vis
