2744 4658
614 232 658 295 vr
881 296 889 313 ,
1137 233 1199 296 aaa

10 431 47 477 00
116 408 188 484 Qua
209 414 358 491 propter,
375 406 456 470 bene
479 404 534 468 ubi
557 403 639 469 haec
663 402 849 467 confirmata
873 409 968 483 atque
991 402 1097 465 locata

73 524 183 591 omnia
205 521 403 587 constiterint
425 521 517 585 nobis
539 525 715 604 praeposta
736 524 871 602 parata,

10 664 57 710 000
76 640 161 722 quod
186 658 283 722 super
306 644 375 715 est,
391 637 487 701 facile
509 636 583 699 hinc
605 635 687 699 ratio
711 633 881 708 reddetur,
899 643 931 696 et
953 632 1056 697 omnis

75 775 172 819 causa
194 759 269 837 pate
292 752 367 837 fiet,
384 773 466 834 quae
489 750 564 814 ferri
587 749 730 834 pelliciat
750 750 835 813 vim.

73 869 229 953 principio
253 868 352 934 fluere
376 890 393 932 e
416 867 525 950 lapide
547 865 608 930 lroc
631 865 790 948 permulta
812 869 975 929 necessest

75 985 216 1067 semina,
234 985 300 1069 sive
324 989 465 1065 aestum,
484 982 538 1064 qui
560 981 688 1045 discutit
709 988 787 1045 adra
810 979 938 1064 plagis,

73 1100 155 1163 inter
179 1100 231 1181 qui
254 1099 394 1183 lapidem
417 1098 601 1177 ferrumque
624 1103 674 1161 est
696 1116 831 1177 cumque
852 1095 997 1158 locatus.

10 1216 136 1281 0001000
158 1215 213 1277 ubi
235 1214 375 1278 inanitur
398 1212 537 1297 spatium
560 1211 741 1292 multusque
763 1231 841 1274 vace
864 1210 898 1273 lit

75 1329 106 1391 in
130 1327 235 1391 modio
260 1329 369 1407 locus,
387 1327 546 1410 extemplo
569 1325 746 1409 primordia
768 1326 846 1390 ferri

76 1444 109 1505 in
133 1463 269 1507 vacuum
293 1443 444 1526 prolapsa
468 1441 586 1504 cadunt
609 1442 797 1525 coniuncta,
814 1442 849 1505 fit
871 1447 968 1522 utque

77 1557 194 1620 anulus
217 1557 287 1638 ipse
310 1562 461 1638 sequatur
484 1562 598 1637 eatque
621 1557 666 1619 ita
687 1577 820 1639 corpore
843 1562 930 1621 toto.

74 1689 133 1733 nec
156 1690 207 1734 res
231 1672 296 1735 ulla
319 1671 424 1753 magis
446 1671 637 1754 primoribus
660 1692 697 1737 ex
723 1672 888 1736 elementis

10 1806 56 1852 no
74 1784 264 1868 indupedita
287 1787 353 1850 suis
377 1793 446 1850 arte
469 1807 594 1850 conexa
616 1786 769 1851 cohaeret

75 1920 170 1982 quam
194 1900 292 1963 validi
314 1899 388 1964 ferri
412 1906 528 1964 natura
550 1905 581 1963 ct
603 1899 739 1982 frigidus
763 1901 894 1963 lrorror.

73 2037 136 2096 quo
160 2015 264 2078 minus
288 2021 337 2080 est
359 2015 493 2097 mirum,
511 2035 574 2094 quo
598 2015 723 2079 ducitur
747 2035 787 2080 ex
812 2015 996 2098 elementis,

75 2151 210 2212 corpora
233 2131 260 2194 si
284 2135 447 2212 nequeunt
469 2149 487 2192 e
508 2131 591 2194 serro
614 2130 709 2214 plura
732 2136 842 2195 coorta

73 2246 104 2307 in
127 2267 261 2310 vacuum
288 2245 385 2329 ferri,
403 2245 480 2327 quin
503 2246 619 2309 anulus
641 2247 711 2329 ipse
735 2252 908 2329 sequatur3

13 2381 57 2425 uo
77 2362 161 2441 quod
185 2361 283 2439 facit,
301 2360 518 2442 etsequitur,
535 2361 638 2424 donec
660 2361 804 2442 pervenit
826 2362 867 2425 ad
891 2361 995 2444 ipsum

74 2475 136 2538 iam
162 2476 301 2559 lapidem
327 2476 495 2557 caecisque
518 2477 551 2537 in
574 2496 611 2539 eo
637 2475 846 2558 compagibus
868 2476 990 2540 haesit.

75 2588 136 2654 hoo
159 2591 193 2654 fit
214 2592 300 2657 idem
324 2599 456 2658 cunctas
477 2591 510 2654 in
534 2591 655 2675 partis,
672 2590 757 2655 unde
779 2610 858 2655 vace
880 2590 915 2654 fit

75 2724 209 2787 cumque
233 2707 341 2792 locus,
360 2707 429 2773 sive
452 2726 470 2772 e
492 2713 675 2771 transverso
699 2706 767 2771 sive
790 2725 927 2789 superne

77 2839 215 2902 corpora
237 2822 385 2886 continuo
407 2823 440 2887 in
463 2843 597 2887 vacuum
619 2821 725 2885 vicina
746 2819 910 2885 feruntur:

10 2952 60 2998 oro
82 2933 200 3017 quippe
222 2936 383 3017 agitantur
405 2938 488 3001 enim
511 2937 618 3021 plagis
640 2936 792 3019 aliunde,
810 2956 869 3001 nec
891 2935 963 3020 ipsa

77 3054 192 3128 sponte
215 3069 275 3114 sna
298 3070 419 3114 sursum
443 3057 578 3134 possunt
600 3072 792 3135 consurgere
814 3052 846 3116 in
871 3071 990 3117 auras.

79 3161 139 3226 huc
162 3163 286 3227 accedit
307 3165 391 3243 utel,
410 3185 508 3247 quare
530 3173 628 3249 queat
650 3167 682 3230 id
705 3168 807 3251 magis
831 3187 924 3250 esse,

78 3277 159 3342 haec
182 3298 311 3361 quoque
334 3298 386 3344 res
409 3280 592 3346 adiumento
617 3288 767 3364 motuque
789 3282 934 3358 iuvetnr3

77 3393 185 3485 quod,
202 3393 296 3459 simul
318 3415 336 3458 a
360 3394 463 3460 fronte
486 3401 535 3462 est
557 3398 653 3461 anelli
677 3397 779 3461 rarior
800 3404 855 3460 adr
952 3440 960 3456 ,

10 3531 60 3577 005
78 3511 181 3574 lactus
203 3509 407 3593 inanitusque
430 3511 520 3576 locus
541 3511 644 3593 magis
666 3532 707 3577 ac
728 3517 901 3590 vacuatus,

9 3646 59 3692 033
78 3626 228 3691 continuo
252 3626 286 3690 fit
308 3627 352 3691 nti
376 3627 429 3709 qni
452 3632 526 3711 post
547 3632 597 3692 est
618 3647 753 3709 cumque
775 3629 901 3692 locatus

83 3960 149 4006 1000
168 3974 271 4008 omnes.
293 3959 304 4026 Η
328 3964 392 4010 1001
414 3961 583 4025 peliceatnrn.
605 3956 618 4027 Η
641 3961 706 4009 1006
728 3960 808 4010 serre.
830 3958 843 4027 Η
866 3961 930 4007 1007
944 3955 1032 4018 utqui.
1055 3951 1068 4022 Η
1090 3958 1157 4004 1009
1171 3972 1203 4004 ex

54 4045 220 4105 ‚antissam
241 4043 254 4115 Η
276 4051 340 4097 1011
355 4059 461 4099 naturae
482 4046 495 4117 Η
517 4051 584 4098 1012
598 4049 666 4111 quod
679 4048 773 4096 dicitur
793 4045 805 4116 Η
828 4051 895 4097 1014
908 4045 1007 4117 anullus
1028 4039 1040 4108 Η
1064 4044 1130 4090 1018
1144 4050 1168 4091 et
1188 4043 1201 4109 Η

81 4135 147 4182 1020
167 4133 249 4196 plagit
269 4130 281 4200 Η
304 4138 368 4184 1021
384 4137 474 4201 Sponte
494 4134 508 4206 Η
531 4139 598 4187 1022
611 4137 672 4187 item
693 4134 707 4203 Η
729 4139 795 4189 1023
815 4137 931 4188 iuvatur.
953 4130 965 4201 Η
987 4132 1053 4180 1025
1066 4131 1165 4195 magnis
1187 4129 1201 4204 Η

84 4224 149 4272 1033
171 4222 318 4271 locamtus.
