2744 4658
161 235 225 299 204
709 228 736 291 V

165 402 227 465 iarn
252 419 341 465 mare
363 399 509 464 velivolis
529 400 663 465 florebat
685 401 866 485 puppibus,
883 404 914 462 et
936 418 987 464 res

164 516 285 580 auxilia
307 533 344 578 ae
368 512 472 578 socios
495 514 560 578 iam
581 521 677 600 paeto
701 512 831 578 foedere
854 513 1034 590 habebant,

163 628 357 695 carminibus
380 648 450 692 eum
473 648 524 694 res
547 639 656 711 gestas
678 649 813 714 coepere
836 635 952 714 poetae

83 768 149 813 1445
164 744 312 810 tradere:
329 762 389 807 nee
411 743 509 807 ruulto
533 744 610 827 priu'
633 751 706 810 sunt
727 745 885 810 elementa
906 751 1055 828 reperta.

165 866 339 946 prepterea
362 857 437 939 quid
460 859 500 921 sit.
522 859 609 943 prius
633 866 736 924 aetum
758 858 919 942 respicere
943 866 1031 923 aetas

165 981 275 1040 nostra
298 973 426 1057 nequit,
444 974 503 1038 nisi
528 994 590 1055 qua
613 975 692 1039 ratio
715 974 854 1054 vestigia
876 980 1055 1041 monstrat.

203 1090 344 1182 Navigia
365 1095 462 1172 atque
486 1089 557 1173 agri
580 1089 738 1173 culturas,
754 1090 903 1174 moenia,
919 1090 1031 1171 leges,

164 1227 273 1275 arma.
290 1205 378 1281 vias,
394 1211 501 1270 vestes
514 1254 521 1289 ‚
535 1211 566 1269 et
587 1212 695 1270 eetera
718 1204 758 1270 de
781 1224 900 1289 genere
924 1206 1056 1290 horum,

82 1344 149 1390 1450
165 1321 330 1405 praemia,
347 1319 479 1385 delicias
502 1339 627 1402 queque
649 1320 734 1385 vitae
757 1319 901 1386 funditus
925 1319 1048 1405 omnia,

166 1437 326 1519 earmina,
345 1437 503 1520 picturae,
520 1440 551 1499 et
573 1435 713 1501 daedala
736 1437 830 1518 sigua
852 1437 975 1521 polire,

164 1572 241 1617 usus
264 1558 296 1617 et
317 1551 475 1635 impigrae
496 1550 590 1615 simul
613 1552 810 1634 experientia
833 1552 947 1616 mentis

164 1667 321 1750 paulatim
343 1665 452 1730 decuit
473 1665 675 1749 pedetemtim
698 1666 955 1751 progredientis.

166 1783 211 1848 sie
234 1803 330 1846 unum
353 1780 503 1863 quiequid
525 1780 679 1865 paulatim
702 1781 858 1864 protrahit
881 1789 973 1848 aetas

84 1917 150 1965 1455
166 1901 200 1962 in
223 1897 362 1963 medium
384 1897 528 1980 ratioque
550 1897 582 1960 in
605 1897 734 1962 luminis
757 1899 850 1983 erigit
873 1918 969 1962 oras:

166 2032 305 2096 namque
328 2013 392 2075 alid
416 2032 456 2075 ex
478 2013 543 2077 alio
566 2013 745 2078 clarescere
769 2014 998 2089 conveniebat,

167 2131 287 2193 artibus
310 2131 353 2193 ad
376 2147 533 2194 summum
556 2128 659 2192 donee
680 2146 798 2192 venere
821 2146 997 2194 eaeumen.

173 2401 238 2446 1442
253 2399 320 2445 Tum
339 2394 351 2464 Η
373 2406 475 2460 propter
493 2397 600 2445 odores.
622 2392 636 2464 Η
658 2400 724 2446 1444
744 2413 848 2460 caepere
868 2393 881 2464 Η
905 2400 970 2446 1449
984 2406 1009 2447 et
1027 2397 1169 2447 aurarum.
1192 2393 1206 2465 Η
1229 2398 1293 2444 1461

169 2485 267 2548 polito.
289 2483 302 2550 1!
326 2487 391 2534 1456
412 2486 487 2534 eorde
506 2485 641 2533 videbant.
