2744 4658
164 227 228 291 234
408 238 418 245 “
707 219 750 285 VI

164 400 195 458 et
218 391 308 474 quasi
332 390 528 473 concrescit,
545 391 598 467 tit,
616 391 754 474 scilieet,
773 399 806 455 ut
831 392 976 457 coeundo

162 506 372 591 exprimatis
396 511 511 590 puteos
534 505 561 570 si
585 526 680 588 quem
702 508 784 588 gerit
806 508 878 590 ipsa
902 506 1062 571 calorem.

202 624 282 686 Esse
306 620 392 705 apud
415 619 735 714 Humrpo-uismiauum
759 621 925 715 10001000
949 622 1064 686 diurna

161 737 297 818 frigidus
320 742 351 802 ct
373 708 508 801 001ἰῶιῖ
520 742 673 800 nocturno
697 743 842 821 tempore
864 736 983 802 fertur.

88 876 139 922 000
164 854 248 918 huuc
271 852 417 916 homines
438 851 556 916 sontem
581 851 676 915 uiruis
698 853 896 917 admirantur
919 860 951 918 et
973 854 1040 918 acri

163 968 230 1032 sole
252 974 365 1051 putant
388 972 497 1051 supter
520 971 622 1030 terras
645 966 825 1033 fervescere
847 969 986 1053 ruptim,

164 1104 227 1148 000
249 1081 305 1146 ubi
328 1082 460 1146 terribili
483 1088 584 1147 terras
607 1083 745 1167 caligine
767 1085 864 1149 texit.

162 1197 248 1280 quod
271 1198 365 1262 nimis
388 1219 407 1261 0
430 1204 535 1262 verast
557 1197 652 1282 louge
677 1200 800 1264 ratione
823 1207 999 1264 remotum:

162 1315 300 1398 quippe,
316 1314 368 1377 ubi
393 1313 442 1377 soi
465 1313 585 1377 nudum
609 1320 810 1379 contractans
832 1335 948 1398 corpus
969 1316 1064 1397 aquai

87 1452 137 1497 000
164 1450 226 1493 uon
253 1428 367 1509 quierit
390 1427 529 1491 calidum
552 1449 671 1512 supera
693 1429 733 1493 de
757 1431 890 1495 reddere
912 1440 1025 1515 parte,

162 1565 232 1608 curu
256 1563 403 1627 superuur
427 1545 531 1608 lurneu
555 1551 642 1608 tanto
665 1545 789 1610 fervore
812 1546 953 1622 fruatur,

162 1661 215 1741 qui
239 1668 336 1740 queat
356 1658 407 1723 hic
430 1666 538 1743 supter
560 1667 625 1724 tour
649 1681 757 1726 crasso
784 1682 918 1745 corpore
939 1667 1060 1725 terrain

161 1796 382 1858 perquoquere
406 1795 548 1840 uuroreur
572 1783 604 1841 et
626 1777 732 1842 calido
756 1778 874 1841 satiare
897 1776 1047 1859 vapore?

163 1891 351 1974 praesertim
375 1912 444 1955 cum
468 1893 520 1955 vix
543 1895 646 1976 possit
667 1913 726 1977 per
748 1900 840 1975 septu
863 1893 1030 1956 douroruur

85 2025 136 2072 suo
161 2006 324 2071 insinuare
347 2028 439 2071 suurn
462 2007 560 2072 radiis
585 2008 768 2074 ardentibus
791 2015 933 2072 aestum.

163 2141 247 2204 quae
270 2123 381 2186 ratiost
402 2123 524 2205 igitur?
540 2123 570 2185 ni
594 2123 727 2206 mirum,
744 2130 831 2187 terra
854 2122 957 2205 magis
981 2120 1065 2203 quod

161 2257 236 2301 rare
257 2244 344 2321 tepet
366 2237 484 2301 circum
507 2237 626 2301 fontem
652 2258 745 2318 quam
769 2245 874 2302 cetera
897 2238 1012 2321 tellus,

160 2353 323 2432 multaque
346 2357 420 2415 suut
442 2351 525 2431 iguis
548 2372 647 2434 prope
670 2353 793 2417 seruinu
817 2374 931 2437 corpus
953 2353 1072 2434 aquai.

163 2466 223 2529 hoc
245 2467 298 2529 ubi
323 2466 466 2530 roriferis
488 2474 606 2531 terraur
631 2490 693 2533 nox
718 2469 823 2533 obruit
844 2469 984 2552 umbrie,

88 2601 138 2648 000
165 2582 324 2664 extemplo
347 2583 472 2665 penitus
496 2582 639 2667 frigescit
661 2590 748 2648 terra
770 2585 919 2666 coitque:

163 2697 367 2762 1000011000
390 2698 424 2761 tit
446 2704 500 2776 ut,
517 2706 582 2763 taur
606 2721 703 2781 quarn
726 2693 910 2781 compresse
934 2719 1028 2762 manu
1051 2699 1110 2781 sit,

161 2813 370 2895 exprimatis
394 2813 513 2878 iontem
538 2834 621 2895 quae
644 2815 767 2879 semina
790 2833 923 2897 cumque
947 2814 1045 2878 habet
1067 2815 1172 2898 iguis,

161 2948 242 3009 quae
267 2927 404 2991 calidum
427 2928 551 2993 faciunt
573 2938 675 3009 aqdae
698 2936 818 2993 tactum
841 2938 938 3010 utque
962 2949 1130 3012 saporem.

160 3042 235 3106 inde
257 3044 311 3107 ubi
335 3044 384 3107 soi
406 3043 505 3107 radiis
528 3048 647 3107 terram
670 3044 802 3111 dimovit
825 3046 956 3109 obortus

84 3181 134 3226 ero
161 3165 192 3223 et
216 3177 287 3220 rare
309 3156 385 3220 fecit
406 3157 512 3222 calido
535 3157 690 3239 gliscente
714 3180 855 3244 vapore,

159 3292 268 3336 rursus
292 3272 325 3334 iu
348 3273 496 3354 antiquas
518 3271 655 3337 redeunt
678 3273 854 3358 primordia
876 3272 970 3337 sedes

160 3388 265 3469 iguis,
282 3392 313 3450 et
335 3387 366 3449 iu
390 3393 505 3452 terram
530 3388 614 3452 cedit
637 3389 724 3453 calor
748 3388 850 3453 ouruis
874 3389 991 3469 aquei.

159 3501 296 3582 trigidus
318 3501 401 3565 hanc
424 3503 464 3567 ob
487 3523 554 3567 rem
577 3502 611 3566 fit
632 3503 704 3567 fons
727 3505 759 3566 iu
783 3505 852 3567 luce
876 3504 1009 3566 diurna.

159 3622 330 3700 praeterea
352 3617 429 3681 solis
452 3616 550 3682 radiis
573 3618 710 3682 iactatur
733 3618 829 3699 aquai

83 3753 133 3799 000
160 3753 250 3795 umor
273 3732 359 3796 etin
381 3732 483 3797 lucem
505 3733 640 3797 treuruio
663 3733 798 3797 rarescit
820 3733 860 3796 ab
876 3738 993 3796 cestu:

163 4037 259 4086 84610
285 4034 298 4104 11
323 4039 372 4085 849
392 4036 509 4097 Frigidus
535 4033 549 4104 11
574 4038 622 4084 851
644 4037 751 4099 purtim.
778 4033 791 4102 Η
815 4037 865 4083 857
885 4050 959 4097 super
979 4032 991 4101 Η
1013 4036 1063 4082 858
1084 4035 1246 4097 Perquocere
1272 4033 1287 4102 ΙΙ

161 4126 259 4174 sociare
279 4122 293 4192 Η
313 4127 363 4172 8110
376 4140 431 4171 sum
453 4119 465 4191 11
487 4125 536 4171 862
551 4125 618 4172 Peru
630 4133 697 4172 terret
717 4123 730 4189 Η
752 4125 803 4171 8114
816 4122 906 4170 undis.
927 4120 940 4188 Η
962 4125 1012 4170 8115
1030 4123 1127 4170 sonitus
1147 4120 1161 4191 11
1182 4125 1287 4173 811810-

165 4213 223 4261 ticis
245 4210 258 4278 Η
279 4227 414 4274 ruporeur.
437 4208 448 4277 11
470 4213 520 4259 8ῐο
540 4211 659 4260 urisceute
679 4212 692 4277 11
714 4215 764 4259 1114
783 4211 850 4258 rudis
