2744 4658
149 230 191 297 68
693 228 722 291 ll

146 416 281 482 corpora
303 397 405 483 prima
429 417 579 472 manere,
597 397 694 463 etiam
717 402 841 463 secreta
862 396 983 480 teporis

145 519 219 577 sunt
241 532 279 576 ac
302 511 430 595 frigoris
455 512 583 576 omuino
609 510 768 591 calidique
791 511 939 595 vaporis,

71 645 120 693 848
147 632 178 691 et
199 628 304 692 sonitu
328 627 438 692 sterila
462 633 494 692 et
515 647 591 691 suco
614 625 720 690 ieiuna
748 625 914 708 feruntur,

144 761 205 807 nec
227 743 348 806 iaciunt
369 742 469 805 ullum
488 741 617 826 proprio
641 739 681 804 de
704 758 838 824 corpore
862 740 1012 804 odorem.

146 855 228 921 sicut
250 856 421 920 amaracini
444 856 595 920 blandum
620 860 805 935 stactaeque
828 854 985 934 liquorem

146 976 177 1034 et
200 969 292 1035 nardi
315 971 445 1054 florem,
462 976 574 1036 nectar
597 969 650 1052 qui
673 969 804 1033 naribus
825 968 935 1052 balat,

146 1105 218 1148 cum
241 1085 349 1151 faeere
370 1085 537 1160 instituas,
555 1105 626 1149 eum
648 1085 759 1168 primis
783 1102 937 1165 quaerere
959 1103 1021 1167 par
1044 1090 1112 1158 est,

72 1216 123 1265 880
148 1199 274 1280 quoad
297 1200 371 1265 licet
394 1221 432 1265 ac
454 1200 537 1285 polis
560 1219 595 1264 es
618 1199 778 1283 reperire,
794 1198 945 1263 inolentis
969 1198 1044 1262 olivi

147 1320 315 1392 naturam,
331 1316 451 1379 nullam
474 1336 557 1397 quac
579 1315 682 1379 mittat
703 1314 834 1391 naribus
856 1334 993 1398 auram,

147 1448 241 1509 quam
265 1429 393 1494 minime
416 1437 451 1494 ut
472 1431 573 1515 possit
596 1431 711 1495 mixtos
732 1430 763 1493 in
787 1448 919 1512 corpore
943 1427 1058 1494 odores

148 1549 379 1625 concoctosque
402 1565 460 1610 suo
484 1550 689 1610 contractans
711 1543 845 1627 perdere
867 1543 956 1626 viro,

146 1664 277 1743 propter·
297 1658 431 1724 eandem
454 1680 519 1724 rem
544 1658 662 1724 debent
684 1656 858 1741 primordia
881 1676 985 1722 rerum

71 1791 121 1839 888
147 1795 212 1838 non
234 1774 387 1839 adhibere
410 1795 502 1840 suum
525 1773 701 1856 gignundis
723 1773 818 1837 rebus
843 1771 993 1847 odorem,

146 1905 205 1951 uec
227 1890 385 1968 sonitum,
402 1891 553 1973 quoniam
576 1889 619 1954 nil
643 1889 685 1953 ab
709 1907 743 1953 se
766 1888 890 1952 mittere
910 1892 1063 1971 possunt,

145 2021 205 2068 nec
228 1996 322 2068 simili
343 2005 468 2070 ratione
492 2024 640 2089 saporem
664 2003 803 2084 denique
826 2021 1019 2084 quemqnam

146 2136 207 2181 uec
229 2115 331 2202 frigus
354 2139 457 2200 neque
479 2120 555 2183 item
578 2118 718 2183 calidum
739 2117 947 2201 tepidumque
971 2137 1143 2200 vaporem,

146 2237 272 2315 oetera3
290 2252 372 2316 qnae
396 2255 467 2298 cum
489 2234 535 2296 ita
557 2237 629 2297 sunt
651 2238 758 2295 tamen
779 2238 814 2296 ut
835 2231 982 2296 merlalia
1003 2237 1170 2308 constent,

72 2364 123 2412 880
147 2346 236 2409 molli
259 2347 366 2432 lenta,
382 2347 516 2429 fragosa
537 2348 640 2430 putri,
658 2368 739 2411 cava
761 2366 893 2433 corpore
916 2366 1010 2425 rare,

148 2461 255 2525 omnia
278 2463 342 2526 sint
363 2483 384 2526 a
405 2462 568 2547 principiis
592 2463 735 2527 seiuncta
755 2468 937 2538 necessest,

147 2575 331 2641 inmortalia
353 2577 380 2642 si
402 2579 548 2643 volumus
572 2577 773 2659 subiungere
790 2579 885 2644 rebus

146 2689 372 2776 fundamenta,
390 2692 505 2774 quibus
526 2692 646 2757 nitatur
669 2713 793 2758 summa
816 2693 948 2774 salutis3

148 2823 189 2869 ne
210 2805 267 2870 tibi
292 2786 343 2871 res
366 2805 500 2871 redeant
522 2806 563 2871 ad
585 2807 684 2870 nilum
706 2807 848 2871 limditus
871 2826 1002 2871 omues.

72 2936 123 2987 888
190 2919 283 2985 Nunc
305 2940 343 2985 ea
367 2939 449 3002 quae
472 2920 591 2985 sentire
613 2920 757 2986 videmus
779 2942 914 3003 eumque
936 2927 1099 2986 necessest

147 3052 188 3097 ex
210 3035 416 3099 insensilibus
438 3040 546 3099 tamen
570 3035 677 3100 omnia
699 3035 868 3101 confiteare

147 3147 312 3232 principiis
335 3155 502 3214 constare.
519 3170 622 3232 neque
645 3151 678 3214 id
701 3149 883 3215 manufesta
905 3149 1048 3215 refutant

149 3281 208 3327 uec
230 3270 341 3327 contra
363 3269 526 3347 pugnant,
542 3265 574 3328 iu
596 3271 746 3349 promptu
770 3265 898 3349 cognita
921 3284 1002 3346 quae
1025 3270 1118 3348 sunt,

149 3376 206 3442 sed
230 3379 332 3459 magis
355 3379 426 3463 ipsa
447 3400 544 3443 mauu
567 3379 685 3444 ducunt
706 3386 739 3445 et
762 3379 894 3446 credere
917 3386 1034 3463 cogunt

73 3511 125 3558 aro
150 3511 191 3556 ex
212 3492 439 3569 insensilibus,
456 3494 540 3576 quod
564 3494 657 3580 dico,
674 3495 826 3560 animalia
847 3495 957 3578 gigni.

149 3607 267 3691 quippe
288 3606 398 3672 ridere
421 3608 496 3672 lieet
518 3610 608 3674 vivos
632 3611 768 3675 existere
789 3628 916 3674 vermes

148 3719 287 3787 stercore
309 3722 349 3786 de
373 3729 473 3787 taetro
487 3776 494 3800 ,
510 3730 655 3809 putorem
678 3744 749 3790 cum
772 3725 832 3789 sibi
855 3731 948 3789 nacta
971 3729 1019 3789 est

148 3835 381 3920 intempestivis
403 3859 443 3904 ex
465 3839 619 3903 imbribus
641 3839 749 3904 umida
770 3839 886 3922 lellus3

151 4106 201 4154 845
221 4114 298 4154 etuna
317 4102 330 4171 Η
351 4104 401 4152 846
420 4105 550 4169 proprium
571 4103 584 4175 Η
603 4109 655 4158 850
674 4108 749 4170 Quod
774 4103 787 4176 Η
811 4107 892 4172 possis
913 4103 926 4176 Η
946 4107 997 4156 856
1016 4113 1160 4157 contractas
1184 4100 1198 4174 Η
1221 4106 1273 4156 854

151 4206 204 4241 rem
222 4193 361 4243 omissam.
383 4187 397 4259 Η
417 4192 468 4240 860
486 4193 579 4243 Mollia
597 4191 611 4263 Η
632 4197 681 4245 867
702 4196 840 4245 consistere
861 4192 874 4263 Η
894 4202 1027 4260 reputant.
1048 4191 1063 4263 Η
1083 4196 1133 4243 872
1153 4193 1240 4243 inacta
