2744 4658
423 1073 471 1155 Τ.
501 1070 794 1155 LUORETl
825 1067 1004 1152 (rnul-

246 1312 363 1411 Du
409 1308 731 1411 RERUM
775 1304 1153 1411 NATURA

517 1558 658 1623 LIBER
686 1556 887 1622 SEXTUS.

138 2034 277 2145 Primae
299 2078 481 2163 frugiparos
504 2077 588 2142 fetus
610 2076 797 2142 mortalibus
819 2077 927 2158 aegris

138 2194 322 2261 dididerunt
344 2193 506 2276 quondam
530 2193 694 2276 praeclaro
719 2192 847 2257 nomine
870 2192 1037 2267 Athenae,

139 2316 173 2376 ct
194 2313 418 2374 recreaverunt
439 2308 536 2372 vitam
560 2309 713 2389 legesque
736 2314 906 2391 rogarunt,

138 2431 172 2493 et
193 2425 316 2509 primae
340 2423 496 2489 dederunt
519 2423 641 2488 solacia
664 2421 772 2487 dulcia
793 2422 896 2504 vitae,

97 2561 113 2609 5
139 2560 212 2607 cnm
234 2559 373 2624 genuere
395 2518 497 2603 virum
520 2538 577 2603 tali
601 2559 673 2603 oum
697 2536 791 2600 corde
813 2543 994 2619 repertum,

140 2656 248 2719 omnia
270 2653 411 2719 veridico
436 2654 488 2737 qui
513 2653 675 2736 quondam
698 2672 737 2716 cx
760 2671 814 2716 ore
836 2651 997 2735 profudit3

141 2770 252 2845 cuius,
270 2776 301 2834 et
323 2769 473 2845 extincti,
488 2775 621 2853 propter
644 2767 753 2833 divina
775 2774 902 2852 reperta

139 2884 306 2966 divolgata
326 2891 419 2950 vetus
442 2885 507 2948 ianr
531 2885 572 2947 ad
595 2885 719 2948 caelum
742 2883 846 2965 gloria
868 2881 987 2945 fertur.

138 3020 213 3064 nam
238 3019 308 3063 oum
331 3000 409 3064 vidit
433 3000 483 3063 hic
506 2999 549 3063 ad
571 2998 687 3069 rictum
711 3018 794 3078 quae
816 2997 941 3078 flagitat
964 3016 1040 3061 usus

84 3135 116 3183 10
142 3115 252 3180 omnia
275 3114 338 3178 iam
360 3114 460 3180 ferme
483 3113 671 3179 mortalibus
696 3132 766 3176 esse
790 3118 925 3196 parata,

140 3234 191 3314 et,
209 3250 265 3313 pro
289 3251 384 3311 quam
409 3237 538 3313 posset,
555 3230 650 3292 vitam
675 3227 849 3293 consistere
871 3234 991 3309 tutam,

141 3343 260 3409 divitiis
282 3345 427 3409 homines
451 3352 481 3409 et
504 3344 624 3408 honore
650 3353 681 3409 et
702 3343 802 3408 laude
824 3343 963 3427 potentis

141 3459 275 3526 affluere
300 3467 394 3542 atque
416 3461 500 3524 bona
523 3466 692 3542 gnatorum
715 3458 873 3523 excellere
897 3458 1003 3539 tama,
1056 3432 1065 3451 ’

141 3594 200 3641 neo
223 3576 327 3640 minus
351 3595 423 3640 esse
447 3576 533 3639 domi
558 3576 707 3656 cuiquam
731 3581 837 3639 tamen
861 3574 956 3637 anxia
979 3570 1097 3645 corda,

86 3710 117 3757 15
143 3696 239 3772 atque
262 3690 361 3755 animi
383 3691 518 3772 ingratis
541 3691 636 3755 vitam
661 3709 778 3757 vexare
802 3688 952 3770 querellis

140 3805 326 3890 passimque
349 3804 473 3872 infestis
497 3806 587 3889 cogci
611 3805 733 3870 saevire
755 3803 903 3888 periclis,

145 4084 156 4129 1
179 4095 286 4144 aegros.
308 4078 321 4146 Η
342 4083 358 4128 4
377 4080 456 4129 solaci
478 4076 490 4147 Η
513 4079 654 4128 iextinctc
674 4076 686 4144 l}
711 4079 741 4126 10
755 4042 916 4127 ncor‘talibus
934 4077 946 4143 ll
974 4080 1003 4125 11
1024 4088 1126 4140 possent
1145 4078 1158 4145 ll
1181 4080 1211 4126 13
1225 4092 1268 4127 ex-

143 4170 237 4220 collere
257 4163 271 4235 ΙΙ
294 4170 325 4215 14
344 4168 431 4216 cordi.
452 4164 466 4236 Η
490 4171 520 4216 lt
540 4168 626 4216 Pausa
644 4175 719 4229 utque
740 4161 754 4233 Η
775 4174 850 4229 coget
870 4162 883 4233 ss
904 4165 1038 4228 querellis.
