2678 4658
604 242 648 306 lll

59 409 160 493 perdit
184 410 271 475 enim
296 410 383 492 quod
404 431 470 475 non
492 412 655 495 proprium
676 411 736 474 luit
758 410 827 476 eins
847 411 881 474 in
903 430 1006 489 aevo,

60 525 213 608 nullaque
235 531 404 609 praeterea
426 524 550 610 perdit,
568 546 662 608 quom
686 526 856 609 expellitur
878 547 979 591 aevo.

94 639 213 704 Dicere
236 660 333 724 porro
357 639 468 705 oculos
490 641 610 704 nnllam
633 659 700 705 rem
723 659 852 705 cernere
875 660 992 736 ppsse‚

11 775 38 821 so
59 753 113 819 sed
136 774 197 838 per
220 773 277 819 eos
300 754 439 818 animum
462 761 496 819 ut
518 755 640 820 foribus
663 761 808 839 spectare
831 756 985 841 reclusis,

57 869 260 954 desiperem,
277 877 388 934 contra
410 890 481 934 cum
505 889 618 936 sensns
641 870 728 934 dicat
750 889 879 950 eorum3

11 1005 34 1052 sa
57 984 185 1067 fulgida
208 985 398 1068 praesertim
421 1005 493 1050 cnm
516 1005 645 1050 cernere
669 1004 767 1068 saepe
791 986 977 1066 nequimus:

11 1121 33 1167 ss
57 1120 173 1165 sensus
198 1099 280 1163 enim
304 1098 399 1164 trahit
420 1107 516 1182 atque
538 1102 624 1165 acies
646 1100 785 1165 detrudit
807 1099 850 1164 ad
872 1100 960 1184 ipsas

11 1237 35 1282 m
56 1216 202 1297 lumina,
219 1214 392 1279 luminibus
414 1216 490 1297 quia
513 1216 606 1280 nobis
628 1215 897 1299 praepediuntur.

58 1332 149 1413 quod
173 1329 298 1394 foribus
321 1351 385 1393 non
407 1330 460 1395 lit:
478 1350 581 1412 neque
604 1332 708 1406 enim,
725 1330 801 1412 quia
824 1331 979 1395 cernimus
1003 1330 1084 1414 ipsi,

54 1447 144 1512 ostia
167 1445 346 1528 suscipiunt
368 1408 466 1510 ullum
490 1445 614 1510 reclusa
637 1446 800 1509 laborem.

54 1567 231 1647 practerea
253 1561 279 1625 si
302 1581 361 1645 pro
384 1559 506 1625 foribus
529 1567 601 1623 sunt
623 1561 745 1623 lumina
768 1566 913 1642 nostra,.

53 1679 122 1741 iam
148 1676 254 1759 magis
277 1674 434 1759 exemptis
457 1675 560 1740 oculis
582 1675 700 1739 debere
724 1673 849 1738 videtur

54 1809 195 1855 cernere
219 1811 269 1855 res
293 1790 418 1855 animus
441 1790 577 1855 sublatis
599 1791 744 1875 postibus
766 1791 865 1873 ipsis.

10 1928 22 1974 n
100 1905 192 1968 lllud
215 1906 248 1968 ln
271 1904 322 1970 his
343 1906 438 1970 rebus
460 1924 665 1987 nequaqnam
689 1922 813 1968 sumere
836 1903 962 1987 possis,

52 2020 237 2086 Democriti
260 2021 346 2101 quod
369 2027 480 2086 sancta
501 2020 561 2083 viri
583 2018 743 2085 sententia
764 2019 874 2103 ponit,

53 2134 208 2220 corporis
231 2141 329 2219 atque
351 2136 447 2199 animi
470 2134 665 2220 primordia,
683 2134 811 2217 singula
833 2132 932 2218 privis

54 2251 234 2334 adposita,
252 2251 386 2315 alternis
406 2251 550 2334 variare,
568 2269 606 2314 ac
626 2255 753 2314 nectere
776 2249 940 2313 membra.

55 2386 135 2430 nam
161 2385 233 2430 cum
256 2366 355 2432 multo
379 2373 453 2431 sunt
475 2366 634 2430 elementa
655 2365 781 2429 minora
803 2362 922 2426 animai

12 2508 28 2554 s
53 2502 157 2566 qnam
182 2481 298 2563 quibus
322 2500 339 2544 e
362 2501 476 2566 corpus
499 2481 593 2544 nobis
615 2486 647 2543 et
668 2480 792 2544 viscera
815 2483 980 2561 constant,

51 2607 124 2663 tum
150 2615 284 2660 numero
308 2615 434 2677 quoque
457 2594 635 2660 concedunt
658 2601 689 2658 et
710 2614 786 2657 rara
808 2612 866 2676 per
887 2599 975 2656 artus

52 2711 177 2778 dissita
200 2717 294 2796 sunt,
312 2710 384 2775 dum
407 2717 518 2788 taxat;
535 2717 569 2775 ut
591 2710 653 2774 hoc
675 2709 859 2794 promittere
880 2708 1006 2791 possis,

52 2826 220 2910 quantula
241 2827 336 2911 priva
358 2832 477 2908 queant
498 2826 592 2890 nobis
614 2826 731 2889 iniecta
753 2823 838 2888 ciere

53 2960 201 3027 corpora
222 2941 395 3007 sensiferos
417 2948 520 3006 motus
543 2943 575 3004 ln
598 2959 754 3024 corpore,
775 2944 865 3002 tanta

10 3078 21 3125 n
57 3055 235 3122 intervalla
256 3061 368 3120 tenere
389 3056 524 3120 exordia
544 3056 636 3140 priva
658 3053 801 3118 animai.

59 3192 141 3236 nam
164 3191 272 3252 neque
293 3170 433 3255 pulveris
455 3170 538 3234 inter
560 3170 634 3233 dnm
657 3168 812 3233 sentimus
835 3166 1013 3230 adhaesum

60 3305 202 3370 corpore
224 3305 285 3350 nec
307 3286 457 3350 membris
480 3287 640 3349 incussam
665 3283 770 3347 sidere
793 3288 933 3358 cretam,

59 3422 119 3467 nec
144 3400 299 3466 nebulam
323 3407 419 3465 noctu
441 3418 545 3481 neque
569 3399 677 3463 aranei
702 3398 810 3462 tenvia
831 3395 887 3459 fila

60 3515 159 3583 obvia
182 3514 359 3591 sentimus,
376 3512 507 3594 quando
532 3513 705 3578 obretimur
728 3518 860 3594 euntes,

9 3648 37 3697 ss
57 3651 119 3697 nec
141 3648 264 3713 supera
286 3633 385 3712 capnt
407 3628 552 3694 eiusdem
575 3628 728 3693 cecidisse
750 3627 869 3690 vietam

56 3753 203 3824 restem,
220 3763 281 3810 nec
302 3742 431 3827 plumas
454 3743 559 3807 avium
582 3761 773 3829 papposque
796 3739 953 3815 volantis,

59 4050 109 4099 ⁸⁵7
128 4047 209 4100 Perdi
230 4043 247 4115 ΙΙ
268 4047 320 4096 358
339 4045 472 4108 Multaque
493 4042 506 4112 Η
526 4045 652 4109 perditum
671 4045 806 4110 expellitur
824 4057 887 4092 aevo
906 4056 999 4103 (qnam.
1020 4037 1033 4105 Η
1054 4041 1102 4088 861
1118 4036 1192 4085 Diffl-

59 4135 131 4187 dlest
148 4131 164 4203 ΙΙ
185 4135 268 4184 ducat
288 4132 303 4199 ΙΙ
324 4133 446 4195 sesqua
466 4129 479 4199 Η
500 4135 550 4181 372
570 4133 675 4195 primis.
697 4128 709 4198 ll
731 4134 781 4179 374
797 4131 897 4179 animae
912 4129 1035 4178 clementa
1047 4126 1162 4175 minem.
1177 4119 1191 4191 {l

60 4224 109 4274 378
125 4223 215 4290 prim
234 4217 250 4290 ΙΙ
271 4220 326 4270 380
345 4219 427 4283 prima
447 4215 460 4285 ΙΙ
481 4221 531 4268 383
551 4219 622 4267 arani
642 4218 738 4267 tennlla
