<?xml version="1.0" encoding="UTF-8"?>
<!DOCTYPE html PUBLIC "-//W3C//DTD XHTML 1.0 Transitional//EN"
    "http://www.w3.org/TR/xhtml1/DTD/xhtml1-transitional.dtd">
<html xmlns="http://www.w3.org/1999/xhtml" xml:lang="en" lang="en">
 <head>
  <title>
</title>
<meta http-equiv="Content-Type" content="text/html;charset=utf-8" />
  <meta name='ocr-system' content='tesseract 3.04.00' />
  <meta name='ocr-capabilities' content='ocr_page ocr_carea ocr_par ocr_line ocrx_word'/>
</head>
<body>
  <div class='ocr_page' id='page_1' title='image "./tlucreticarider15carugoog_0071.png"; bbox 0 0 2744 4658; ppageno 0'>
   <div class='ocr_carea' id='block_1_1' title="bbox 43 219 728 312">
    <p class='ocr_par' dir='ltr' id='par_1_1' title="bbox 43 219 728 312">
     <span class='ocr_line' id='line_1_1' title="bbox 43 219 728 312; baseline -0.01 -22"><span class='ocrx_word' id='word_1_1' title='bbox 43 225 190 312; x_wconf 43' lang='lat' dir='ltr'>‚se</span> <span class='ocrx_word' id='word_1_2' title='bbox 694 219 728 284; x_wconf 92' lang='lat'>11</span> 
     </span>
    </p>
   </div>
   <div class='ocr_carea' id='block_1_2' title="bbox 66 388 1201 3813">
    <p class='ocr_par' dir='ltr' id='par_1_2' title="bbox 146 388 967 590">
     <span class='ocr_line' id='line_1_2' title="bbox 146 388 967 472; baseline -0.006 -15"><span class='ocrx_word' id='word_1_3' title='bbox 146 391 319 457; x_wconf 89' lang='lat' dir='ltr'>dissimiles</span> <span class='ocrx_word' id='word_1_4' title='bbox 341 392 438 472; x_wconf 82' lang='lat' dir='ltr'>longe</span> <span class='ocrx_word' id='word_1_5' title='bbox 459 390 541 456; x_wconf 89' lang='lat' dir='ltr'>inter</span> <span class='ocrx_word' id='word_1_6' title='bbox 564 389 793 471; x_wconf 79' lang='lat' dir='ltr'>severiusque</span> <span class='ocrx_word' id='word_1_7' title='bbox 821 388 967 454; x_wconf 87' lang='lat' dir='ltr'>eolores.</span> 
     </span>
     <span class='ocr_line' id='line_1_3' title="bbox 148 484 908 590; baseline -0.001 -21"><span class='ocrx_word' id='word_1_8' title='bbox 148 512 314 590; x_wconf 82' lang='lat' dir='ltr'>praeterea</span> <span class='ocrx_word' id='word_1_9' title='bbox 337 505 381 569; x_wconf 91' lang='lat' dir='ltr'>nil</span> <span class='ocrx_word' id='word_1_10' title='bbox 405 504 546 571; x_wconf 82' lang='lat' dir='ltr'>officiunt</span> <span class='ocrx_word' id='word_1_11' title='bbox 569 503 761 584; x_wconf 82' lang='lat' dir='ltr'>obstantque</span> <span class='ocrx_word' id='word_1_12' title='bbox 785 484 908 587; x_wconf 84' lang='lat' dir='ltr'>figurae</span> 
     </span>
    </p>

    <p class='ocr_par' dir='ltr' id='par_1_3' title="bbox 74 617 1096 932">
     <span class='ocr_line' id='line_1_4' title="bbox 74 617 1096 704; baseline -0.005 -17"><span class='ocrx_word' id='word_1_13' title='bbox 74 641 122 687; x_wconf 78' lang='lat'>785</span> <span class='ocrx_word' id='word_1_14' title='bbox 149 620 341 704; x_wconf 84' lang='lat' dir='ltr'>dissimiles,</span> <span class='ocrx_word' id='word_1_15' title='bbox 359 641 421 702; x_wconf 95' lang='lat' dir='ltr'>quo</span> <span class='ocrx_word' id='word_1_16' title='bbox 446 618 632 702; x_wconf 84' lang='lat' dir='ltr'>quadratum</span> <span class='ocrx_word' id='word_1_17' title='bbox 659 619 763 684; x_wconf 92' lang='lat' dir='ltr'>minus</span> <span class='ocrx_word' id='word_1_18' title='bbox 785 636 880 683; x_wconf 92' lang='lat' dir='ltr'>omne</span> <span class='ocrx_word' id='word_1_19' title='bbox 903 617 944 682; x_wconf 90' lang='lat' dir='ltr'>sit</span> <span class='ocrx_word' id='word_1_20' title='bbox 965 637 1004 681; x_wconf 85' lang='lat' dir='ltr'>ex</span> <span class='ocrx_word' id='word_1_21' title='bbox 1027 618 1096 684; x_wconf 88' lang='lat' dir='ltr'>his:</span> 
     </span>
     <span class='ocr_line' id='line_1_5' title="bbox 148 732 1015 818; baseline -0.002 -19"><span class='ocrx_word' id='word_1_22' title='bbox 148 741 182 799; x_wconf 84' lang='lat' dir='ltr'>at</span> <span class='ocrx_word' id='word_1_23' title='bbox 202 735 283 800; x_wconf 83' lang='lat' dir='ltr'>varii</span> <span class='ocrx_word' id='word_1_24' title='bbox 306 754 411 799; x_wconf 89' lang='lat' dir='ltr'>rerum</span> <span class='ocrx_word' id='word_1_25' title='bbox 433 734 599 818; x_wconf 88' lang='lat' dir='ltr'>inpediunt</span> <span class='ocrx_word' id='word_1_26' title='bbox 620 732 852 816; x_wconf 81' lang='lat' dir='ltr'>prohibentque</span> <span class='ocrx_word' id='word_1_27' title='bbox 872 733 1015 816; x_wconf 87' lang='lat' dir='ltr'>oolores,</span> 
     </span>
     <span class='ocr_line' id='line_1_6' title="bbox 148 847 949 932; baseline -0.004 -19"><span class='ocrx_word' id='word_1_28' title='bbox 148 870 210 932; x_wconf 90' lang='lat' dir='ltr'>quo</span> <span class='ocrx_word' id='word_1_29' title='bbox 233 849 339 914; x_wconf 90' lang='lat' dir='ltr'>minus</span> <span class='ocrx_word' id='word_1_30' title='bbox 362 868 433 914; x_wconf 87' lang='lat' dir='ltr'>esse</span> <span class='ocrx_word' id='word_1_31' title='bbox 455 869 518 912; x_wconf 93' lang='lat' dir='ltr'>uno</span> <span class='ocrx_word' id='word_1_32' title='bbox 539 848 642 931; x_wconf 85' lang='lat' dir='ltr'>possit</span> <span class='ocrx_word' id='word_1_33' title='bbox 664 867 716 912; x_wconf 90' lang='lat' dir='ltr'>res</span> <span class='ocrx_word' id='word_1_34' title='bbox 738 853 804 913; x_wconf 82' lang='lat' dir='ltr'>tota</span> <span class='ocrx_word' id='word_1_35' title='bbox 826 847 949 912; x_wconf 90' lang='lat' dir='ltr'>nitore.</span> 
     </span>
    </p>

    <p class='ocr_par' dir='ltr' id='par_1_4' title="bbox 127 944 1033 1164">
     <span class='ocr_line' id='line_1_7' title="bbox 127 944 1033 1048; baseline -0.002 -20"><span class='ocrx_word' id='word_1_36' title='bbox 127 959 153 991; x_wconf 59' lang='lat' dir='ltr'>r»</span> <span class='ocrx_word' id='word_1_37' title='bbox 184 964 266 1028; x_wconf 74' lang='lat' dir='ltr'>&#39;I&#39;um</span> <span class='ocrx_word' id='word_1_38' title='bbox 288 984 384 1048; x_wconf 91' lang='lat' dir='ltr'>porro</span> <span class='ocrx_word' id='word_1_39' title='bbox 406 982 488 1046; x_wconf 84' lang='lat' dir='ltr'>quae</span> <span class='ocrx_word' id='word_1_40' title='bbox 511 944 598 1028; x_wconf 72' lang='lat' dir='ltr'>diruit</span> <span class='ocrx_word' id='word_1_41' title='bbox 620 968 652 1027; x_wconf 89' lang='lat' dir='ltr'>et</span> <span class='ocrx_word' id='word_1_42' title='bbox 673 962 773 1026; x_wconf 83' lang='lat' dir='ltr'>inlinit</span> <span class='ocrx_word' id='word_1_43' title='bbox 793 967 827 1025; x_wconf 92' lang='lat' dir='ltr'>ut</span> <span class='ocrx_word' id='word_1_44' title='bbox 848 961 1033 1026; x_wconf 83' lang='lat' dir='ltr'>tribuamus</span> 
     </span>
     <span class='ocr_line' id='line_1_8' title="bbox 148 1076 1009 1164; baseline 0 -23"><span class='ocrx_word' id='word_1_45' title='bbox 148 1077 312 1164; x_wconf 84' lang='lat' dir='ltr'>principiis</span> <span class='ocrx_word' id='word_1_46' title='bbox 335 1097 438 1142; x_wconf 88' lang='lat' dir='ltr'>rerum</span> <span class='ocrx_word' id='word_1_47' title='bbox 463 1098 526 1142; x_wconf 94' lang='lat' dir='ltr'>non</span> <span class='ocrx_word' id='word_1_48' title='bbox 549 1096 721 1156; x_wconf 85' lang='lat' dir='ltr'>numquam</span> <span class='ocrx_word' id='word_1_49' title='bbox 745 1096 842 1141; x_wconf 83' lang='lat' dir='ltr'>eausa</span> <span class='ocrx_word' id='word_1_50' title='bbox 865 1076 1009 1160; x_wconf 83' lang='lat' dir='ltr'>colores,</span> 
     </span>
    </p>

    <p class='ocr_par' dir='ltr' id='par_1_5' title="bbox 74 1190 1039 1732">
     <span class='ocr_line' id='line_1_9' title="bbox 74 1190 995 1273; baseline -0.005 -15"><span class='ocrx_word' id='word_1_51' title='bbox 74 1214 123 1260; x_wconf 77' lang='lat' dir='ltr'>reo</span> <span class='ocrx_word' id='word_1_52' title='bbox 149 1191 285 1267; x_wconf 77' lang='lat' dir='ltr'>oceidit,</span> <span class='ocrx_word' id='word_1_53' title='bbox 302 1210 342 1254; x_wconf 86' lang='lat' dir='ltr'>ex</span> <span class='ocrx_word' id='word_1_54' title='bbox 364 1190 446 1255; x_wconf 79' lang='lat' dir='ltr'>albis</span> <span class='ocrx_word' id='word_1_55' title='bbox 470 1191 620 1273; x_wconf 86' lang='lat' dir='ltr'>quoniam</span> <span class='ocrx_word' id='word_1_56' title='bbox 644 1211 708 1255; x_wconf 94' lang='lat' dir='ltr'>non</span> <span class='ocrx_word' id='word_1_57' title='bbox 731 1191 807 1256; x_wconf 81' lang='lat' dir='ltr'>alba</span> <span class='ocrx_word' id='word_1_58' title='bbox 830 1196 995 1265; x_wconf 79' lang='lat' dir='ltr'>creantur,</span> 
     </span>
     <span class='ocr_line' id='line_1_10' title="bbox 149 1304 1039 1390; baseline -0.001 -20"><span class='ocrx_word' id='word_1_59' title='bbox 149 1326 209 1371; x_wconf 87' lang='lat' dir='ltr'>neo</span> <span class='ocrx_word' id='word_1_60' title='bbox 232 1324 312 1386; x_wconf 88' lang='lat' dir='ltr'>quae</span> <span class='ocrx_word' id='word_1_61' title='bbox 336 1305 428 1390; x_wconf 86' lang='lat' dir='ltr'>nigra</span> <span class='ocrx_word' id='word_1_62' title='bbox 451 1306 556 1371; x_wconf 85' lang='lat' dir='ltr'>uiuent</span> <span class='ocrx_word' id='word_1_63' title='bbox 578 1305 619 1369; x_wconf 90' lang='lat' dir='ltr'>de</span> <span class='ocrx_word' id='word_1_64' title='bbox 641 1305 761 1389; x_wconf 81' lang='lat' dir='ltr'>nigris,</span> <span class='ocrx_word' id='word_1_65' title='bbox 779 1305 837 1370; x_wconf 89' lang='lat' dir='ltr'>sed</span> <span class='ocrx_word' id='word_1_66' title='bbox 859 1304 955 1370; x_wconf 84' lang='lat' dir='ltr'>variis</span> <span class='ocrx_word' id='word_1_67' title='bbox 978 1325 1039 1371; x_wconf 85' lang='lat' dir='ltr'>ex.</span> 
     </span>
     <span class='ocr_line' id='line_1_11' title="bbox 150 1420 925 1503; baseline -0.003 -19"><span class='ocrx_word' id='word_1_68' title='bbox 150 1422 266 1503; x_wconf 87' lang='lat' dir='ltr'>quippe</span> <span class='ocrx_word' id='word_1_69' title='bbox 290 1421 404 1483; x_wconf 86' lang='lat' dir='ltr'>etenim</span> <span class='ocrx_word' id='word_1_70' title='bbox 427 1422 525 1484; x_wconf 89' lang='lat' dir='ltr'>multo</span> <span class='ocrx_word' id='word_1_71' title='bbox 547 1420 720 1503; x_wconf 85' lang='lat' dir='ltr'>proclivius</span> <span class='ocrx_word' id='word_1_72' title='bbox 743 1421 925 1486; x_wconf 84' lang='lat' dir='ltr'>exorientur</span> 
     </span>
     <span class='ocr_line' id='line_1_12' title="bbox 149 1533 943 1619; baseline -0.003 -19"><span class='ocrx_word' id='word_1_73' title='bbox 149 1534 288 1600; x_wconf 82' lang='lat' dir='ltr'>eandida</span> <span class='ocrx_word' id='word_1_74' title='bbox 310 1535 351 1599; x_wconf 87' lang='lat' dir='ltr'>de</span> <span class='ocrx_word' id='word_1_75' title='bbox 374 1535 461 1598; x_wconf 89' lang='lat' dir='ltr'>nulio</span> <span class='ocrx_word' id='word_1_76' title='bbox 486 1555 580 1616; x_wconf 84' lang='lat' dir='ltr'>quarn</span> <span class='ocrx_word' id='word_1_77' title='bbox 603 1533 695 1617; x_wconf 85' lang='lat' dir='ltr'>nigro</span> <span class='ocrx_word' id='word_1_78' title='bbox 718 1541 794 1598; x_wconf 85' lang='lat' dir='ltr'>nata</span> <span class='ocrx_word' id='word_1_79' title='bbox 816 1536 943 1619; x_wconf 79' lang='lat' dir='ltr'>colore,</span> 
     </span>
     <span class='ocr_line' id='line_1_13' title="bbox 148 1649 990 1732; baseline -0.002 -19"><span class='ocrx_word' id='word_1_80' title='bbox 148 1656 202 1714; x_wconf 84' lang='lat' dir='ltr'>aut</span> <span class='ocrx_word' id='word_1_81' title='bbox 224 1649 288 1713; x_wconf 82' lang='lat' dir='ltr'>alio</span> <span class='ocrx_word' id='word_1_82' title='bbox 312 1649 445 1731; x_wconf 82' lang='lat' dir='ltr'>quovis,</span> <span class='ocrx_word' id='word_1_83' title='bbox 462 1649 517 1732; x_wconf 92' lang='lat' dir='ltr'>qui</span> <span class='ocrx_word' id='word_1_84' title='bbox 539 1657 649 1714; x_wconf 83' lang='lat' dir='ltr'>eontra</span> <span class='ocrx_word' id='word_1_85' title='bbox 671 1654 789 1732; x_wconf 83' lang='lat' dir='ltr'>pugnet</span> <span class='ocrx_word' id='word_1_86' title='bbox 811 1656 843 1713; x_wconf 93' lang='lat' dir='ltr'>et</span> <span class='ocrx_word' id='word_1_87' title='bbox 865 1649 990 1713; x_wconf 85' lang='lat' dir='ltr'>obstet.</span> 
     </span>
    </p>

    <p class='ocr_par' dir='ltr' id='par_1_6' title="bbox 75 1762 1054 2075">
     <span class='ocr_line' id='line_1_14' title="bbox 75 1762 1054 1847; baseline -0.004 -17"><span class='ocrx_word' id='word_1_88' title='bbox 75 1784 124 1832; x_wconf 76' lang='lat'>795</span> <span class='ocrx_word' id='word_1_89' title='bbox 192 1763 366 1829; x_wconf 82' lang='lat' dir='ltr'>Praeterea</span> <span class='ocrx_word' id='word_1_90' title='bbox 389 1765 540 1847; x_wconf 82' lang='lat' dir='ltr'>quoniam</span> <span class='ocrx_word' id='word_1_91' title='bbox 564 1770 726 1847; x_wconf 87' lang='lat' dir='ltr'>nequeunt</span> <span class='ocrx_word' id='word_1_92' title='bbox 747 1763 816 1828; x_wconf 91' lang='lat' dir='ltr'>sine</span> <span class='ocrx_word' id='word_1_93' title='bbox 838 1762 909 1828; x_wconf 87' lang='lat' dir='ltr'>luoe</span> <span class='ocrx_word' id='word_1_94' title='bbox 931 1764 1054 1828; x_wconf 86' lang='lat' dir='ltr'>eolores</span> 
     </span>
     <span class='ocr_line' id='line_1_15' title="bbox 150 1878 1044 1963; baseline -0.001 -18"><span class='ocrx_word' id='word_1_95' title='bbox 150 1898 241 1957; x_wconf 84' lang='lat' dir='ltr'>esse,</span> <span class='ocrx_word' id='word_1_96' title='bbox 257 1899 362 1961; x_wconf 88' lang='lat' dir='ltr'>neque</span> <span class='ocrx_word' id='word_1_97' title='bbox 383 1880 416 1944; x_wconf 94' lang='lat' dir='ltr'>in</span> <span class='ocrx_word' id='word_1_98' title='bbox 439 1880 540 1945; x_wconf 79' lang='lat' dir='ltr'>lucem</span> <span class='ocrx_word' id='word_1_99' title='bbox 564 1880 703 1946; x_wconf 84' lang='lat' dir='ltr'>existunt</span> <span class='ocrx_word' id='word_1_100' title='bbox 722 1878 897 1962; x_wconf 81' lang='lat' dir='ltr'>primordia</span> <span class='ocrx_word' id='word_1_101' title='bbox 919 1900 1044 1963; x_wconf 89' lang='lat' dir='ltr'>rerum,</span> 
     </span>
     <span class='ocr_line' id='line_1_16' title="bbox 148 1983 920 2075; baseline -0.001 -16"><span class='ocrx_word' id='word_1_102' title='bbox 148 1983 230 2059; x_wconf 86' lang='lat' dir='ltr'>seire</span> <span class='ocrx_word' id='word_1_103' title='bbox 251 1995 326 2060; x_wconf 88' lang='lat' dir='ltr'>lieet</span> <span class='ocrx_word' id='word_1_104' title='bbox 349 2014 443 2075; x_wconf 83' lang='lat' dir='ltr'>quarn</span> <span class='ocrx_word' id='word_1_105' title='bbox 467 1996 530 2062; x_wconf 90' lang='lat' dir='ltr'>sint</span> <span class='ocrx_word' id='word_1_106' title='bbox 552 1994 641 2060; x_wconf 89' lang='lat' dir='ltr'>nullo</span> <span class='ocrx_word' id='word_1_107' title='bbox 664 1994 769 2059; x_wconf 83' lang='lat' dir='ltr'>velata</span> <span class='ocrx_word' id='word_1_108' title='bbox 792 1994 920 2058; x_wconf 85' lang='lat' dir='ltr'>colore:</span> 
     </span>
    </p>

    <p class='ocr_par' dir='ltr' id='par_1_7' title="bbox 143 2109 1016 2311">
     <span class='ocr_line' id='line_1_17' title="bbox 143 2109 1016 2196; baseline -0.003 -22"><span class='ocrx_word' id='word_1_109' title='bbox 143 2110 252 2192; x_wconf 76' lang='lat' dir='ltr'>&#39;qualis</span> <span class='ocrx_word' id='word_1_110' title='bbox 276 2109 358 2174; x_wconf 91' lang='lat' dir='ltr'>enirn</span> <span class='ocrx_word' id='word_1_111' title='bbox 382 2112 485 2176; x_wconf 78' lang='lat' dir='ltr'>caeeis</span> <span class='ocrx_word' id='word_1_112' title='bbox 507 2110 623 2196; x_wconf 89' lang='lat' dir='ltr'>poterit</span> <span class='ocrx_word' id='word_1_113' title='bbox 644 2109 732 2173; x_wconf 83' lang='lat' dir='ltr'>color</span> <span class='ocrx_word' id='word_1_114' title='bbox 754 2126 826 2174; x_wconf 88' lang='lat' dir='ltr'>esse</span> <span class='ocrx_word' id='word_1_115' title='bbox 849 2109 1016 2174; x_wconf 76' lang='lat' dir='ltr'>tenebris?</span> 
     </span>
     <span class='ocr_line' id='line_1_18' title="bbox 147 2223 921 2311; baseline 0 -24"><span class='ocrx_word' id='word_1_116' title='bbox 147 2224 266 2288; x_wconf 89' lang='lat' dir='ltr'>iumine</span> <span class='ocrx_word' id='word_1_117' title='bbox 289 2225 366 2305; x_wconf 93' lang='lat' dir='ltr'>quin</span> <span class='ocrx_word' id='word_1_118' title='bbox 387 2225 457 2307; x_wconf 89' lang='lat' dir='ltr'>ipso</span> <span class='ocrx_word' id='word_1_119' title='bbox 481 2233 618 2292; x_wconf 85' lang='lat' dir='ltr'>mutatur</span> <span class='ocrx_word' id='word_1_120' title='bbox 640 2233 811 2311; x_wconf 84' lang='lat' dir='ltr'>propterea</span> <span class='ocrx_word' id='word_1_121' title='bbox 835 2223 921 2305; x_wconf 92' lang='lat' dir='ltr'>quod</span> 
     </span>
    </p>

    <p class='ocr_par' dir='ltr' id='par_1_8' title="bbox 66 2339 923 2425">
     <span class='ocr_line' id='line_1_19' title="bbox 66 2339 923 2425; baseline -0.005 -19"><span class='ocrx_word' id='word_1_122' title='bbox 66 2359 123 2406; x_wconf 63' lang='lat'><strong>&#39;800</strong></span> <span class='ocrx_word' id='word_1_123' title='bbox 148 2345 235 2403; x_wconf 85' lang='lat' dir='ltr'>reeta</span> <span class='ocrx_word' id='word_1_124' title='bbox 258 2348 312 2403; x_wconf 86' lang='lat' dir='ltr'>eut</span> <span class='ocrx_word' id='word_1_125' title='bbox 335 2339 466 2421; x_wconf 85' lang='lat' dir='ltr'>obliqua</span> <span class='ocrx_word' id='word_1_126' title='bbox 487 2361 657 2425; x_wconf 82' lang='lat' dir='ltr'>percussus</span> <span class='ocrx_word' id='word_1_127' title='bbox 679 2342 750 2406; x_wconf 90' lang='lat' dir='ltr'>luee</span> <span class='ocrx_word' id='word_1_128' title='bbox 773 2339 923 2420; x_wconf 81' lang='lat' dir='ltr'>refulgit3</span> 
     </span>
    </p>

    <p class='ocr_par' dir='ltr' id='par_1_9' title="bbox 96 2454 1010 2879">
     <span class='ocr_line' id='line_1_20' title="bbox 96 2454 1010 2582; baseline -0.002 -65"><span class='ocrx_word' id='word_1_129' title='bbox 96 2471 100 2489; x_wconf 82' lang='lat'><em>¹</em></span> <span class='ocrx_word' id='word_1_130' title='bbox 145 2454 256 2536; x_wconf 88' lang='lat' dir='ltr'>pluma</span> <span class='ocrx_word' id='word_1_131' title='bbox 279 2455 495 2552; x_wconf 78' lang='lat' dir='ltr'>columbarum</span> <span class='ocrx_word' id='word_1_132' title='bbox 508 2476 580 2582; x_wconf 49' lang='lat' dir='ltr'>Uo</span> <span class='ocrx_word' id='word_1_133' title='bbox 603 2462 697 2540; x_wconf 82' lang='lat' dir='ltr'>puoto</span> <span class='ocrx_word' id='word_1_134' title='bbox 720 2455 754 2519; x_wconf 93' lang='lat' dir='ltr'>in</span> <span class='ocrx_word' id='word_1_135' title='bbox 776 2456 844 2520; x_wconf 89' lang='lat' dir='ltr'>sole</span> <span class='ocrx_word' id='word_1_136' title='bbox 866 2454 1010 2536; x_wconf 88' lang='lat' dir='ltr'>videtur,</span> 
     </span>
     <span class='ocr_line' id='line_1_21' title="bbox 149 2568 997 2652; baseline 0.002 -22"><span class='ocrx_word' id='word_1_137' title='bbox 149 2586 231 2648; x_wconf 86' lang='lat' dir='ltr'>quae</span> <span class='ocrx_word' id='word_1_138' title='bbox 255 2568 316 2632; x_wconf 84' lang='lat' dir='ltr'>sita</span> <span class='ocrx_word' id='word_1_139' title='bbox 338 2568 479 2633; x_wconf 81' lang='lat' dir='ltr'>eervices</span> <span class='ocrx_word' id='word_1_140' title='bbox 501 2587 617 2633; x_wconf 87' lang='lat' dir='ltr'>orreum</span> <span class='ocrx_word' id='word_1_141' title='bbox 641 2570 822 2652; x_wconf 83' lang='lat' dir='ltr'>collumque</span> <span class='ocrx_word' id='word_1_142' title='bbox 845 2573 997 2634; x_wconf 83' lang='lat' dir='ltr'>coronat:</span> 
     </span>
     <span class='ocr_line' id='line_1_22' title="bbox 147 2683 963 2767; baseline 0.001 -22"><span class='ocrx_word' id='word_1_143' title='bbox 147 2701 284 2764; x_wconf 83' lang='lat' dir='ltr'>nemque</span> <span class='ocrx_word' id='word_1_144' title='bbox 307 2683 387 2747; x_wconf 82' lang='lat' dir='ltr'>alius</span> <span class='ocrx_word' id='word_1_145' title='bbox 409 2683 443 2747; x_wconf 90' lang='lat' dir='ltr'>fit</span> <span class='ocrx_word' id='word_1_146' title='bbox 464 2683 510 2746; x_wconf 91' lang='lat' dir='ltr'>uti</span> <span class='ocrx_word' id='word_1_147' title='bbox 533 2684 618 2749; x_wconf 85' lang='lat' dir='ltr'>olaro</span> <span class='ocrx_word' id='word_1_148' title='bbox 642 2684 684 2749; x_wconf 85' lang='lat' dir='ltr'>sit</span> <span class='ocrx_word' id='word_1_149' title='bbox 703 2686 800 2748; x_wconf 81' lang='lat' dir='ltr'>rubra</span> <span class='ocrx_word' id='word_1_150' title='bbox 819 2704 963 2767; x_wconf 83' lang='lat' dir='ltr'>pyropo,</span> 
     </span>
     <span class='ocr_line' id='line_1_23' title="bbox 146 2796 904 2879; baseline 0 -18"><span class='ocrx_word' id='word_1_151' title='bbox 146 2796 230 2862; x_wconf 90' lang='lat' dir='ltr'>inter</span> <span class='ocrx_word' id='word_1_152' title='bbox 253 2798 328 2861; x_wconf 86' lang='lat' dir='ltr'>dunr</span> <span class='ocrx_word' id='word_1_153' title='bbox 352 2798 491 2879; x_wconf 85' lang='lat' dir='ltr'>quodam</span> <span class='ocrx_word' id='word_1_154' title='bbox 515 2818 611 2863; x_wconf 89' lang='lat' dir='ltr'>sensu</span> <span class='ocrx_word' id='word_1_155' title='bbox 634 2799 670 2861; x_wconf 91' lang='lat' dir='ltr'>fit</span> <span class='ocrx_word' id='word_1_156' title='bbox 691 2799 737 2862; x_wconf 92' lang='lat' dir='ltr'>nti</span> <span class='ocrx_word' id='word_1_157' title='bbox 759 2799 904 2863; x_wconf 84' lang='lat' dir='ltr'>videatur</span> 
     </span>
    </p>

    <p class='ocr_par' dir='ltr' id='par_1_10' title="bbox 73 2890 1201 3456">
     <span class='ocr_line' id='line_1_24' title="bbox 73 2890 931 2993; baseline -0.002 -16"><span class='ocrx_word' id='word_1_158' title='bbox 73 2930 123 2978; x_wconf 76' lang='lat'>805</span> <span class='ocrx_word' id='word_1_159' title='bbox 148 2912 229 2976; x_wconf 88' lang='lat' dir='ltr'>inter</span> <span class='ocrx_word' id='word_1_160' title='bbox 252 2913 405 2977; x_wconf 82' lang='lat' dir='ltr'>ouraiium</span> <span class='ocrx_word' id='word_1_161' title='bbox 428 2890 540 2976; x_wconf 82' lang='lat' dir='ltr'>viridis</span> <span class='ocrx_word' id='word_1_162' title='bbox 562 2914 695 2977; x_wconf 85' lang='lat' dir='ltr'>miseere</span> <span class='ocrx_word' id='word_1_163' title='bbox 718 2912 931 2993; x_wconf 82' lang='lat' dir='ltr'>zmaragdos.</span> 
     </span>
     <span class='ocr_line' id='line_1_25' title="bbox 148 3027 1020 3111; baseline -0.001 -20"><span class='ocrx_word' id='word_1_164' title='bbox 148 3027 313 3109; x_wconf 79' lang='lat' dir='ltr'>nandoque</span> <span class='ocrx_word' id='word_1_165' title='bbox 337 3027 492 3110; x_wconf 80' lang='lat' dir='ltr'>pavonis,</span> <span class='ocrx_word' id='word_1_166' title='bbox 510 3027 603 3109; x_wconf 83' lang='lat' dir='ltr'>larga</span> <span class='ocrx_word' id='word_1_167' title='bbox 625 3047 696 3093; x_wconf 87' lang='lat' dir='ltr'>eum</span> <span class='ocrx_word' id='word_1_168' title='bbox 718 3029 787 3093; x_wconf 86' lang='lat' dir='ltr'>luoe</span> <span class='ocrx_word' id='word_1_169' title='bbox 809 3028 932 3110; x_wconf 84' lang='lat' dir='ltr'>repleta</span> <span class='ocrx_word' id='word_1_170' title='bbox 954 3034 1020 3111; x_wconf 81' lang='lat' dir='ltr'>est,</span> 
     </span>
     <span class='ocr_line' id='line_1_26' title="bbox 146 3117 993 3225; baseline 0 -19"><span class='ocrx_word' id='word_1_171' title='bbox 146 3117 304 3206; x_wconf 19' lang='lat' dir='ltr'>eon-simili</span> <span class='ocrx_word' id='word_1_172' title='bbox 327 3147 427 3205; x_wconf 84' lang='lat' dir='ltr'>rnutat</span> <span class='ocrx_word' id='word_1_173' title='bbox 447 3141 570 3206; x_wconf 85' lang='lat' dir='ltr'>ratione</span> <span class='ocrx_word' id='word_1_174' title='bbox 594 3138 729 3208; x_wconf 85' lang='lat' dir='ltr'>obversa</span> <span class='ocrx_word' id='word_1_175' title='bbox 752 3143 896 3225; x_wconf 80' lang='lat' dir='ltr'>eolores3</span> <span class='ocrx_word' id='word_1_176' title='bbox 979 3184 993 3192; x_wconf 90' lang='lat'><em>-</em></span> 
     </span>
     <span class='ocr_line' id='line_1_27' title="bbox 148 3255 989 3340; baseline 0.005 -22"><span class='ocrx_word' id='word_1_177' title='bbox 148 3255 202 3334; x_wconf 93' lang='lat' dir='ltr'>qui</span> <span class='ocrx_word' id='word_1_178' title='bbox 226 3255 374 3336; x_wconf 86' lang='lat' dir='ltr'>qnoniam</span> <span class='ocrx_word' id='word_1_179' title='bbox 399 3258 537 3337; x_wconf 82' lang='lat' dir='ltr'>quodem</span> <span class='ocrx_word' id='word_1_180' title='bbox 559 3257 733 3340; x_wconf 84' lang='lat' dir='ltr'>gignuntur</span> <span class='ocrx_word' id='word_1_181' title='bbox 755 3258 883 3322; x_wconf 90' lang='lat' dir='ltr'>luminis</span> <span class='ocrx_word' id='word_1_182' title='bbox 905 3257 989 3332; x_wconf 78' lang='lat' dir='ltr'>istu,</span> 
     </span>
     <span class='ocr_line' id='line_1_28' title="bbox 147 3370 1201 3456; baseline -0.003 -21"><span class='ocrx_word' id='word_1_183' title='bbox 147 3371 229 3435; x_wconf 89' lang='lat' dir='ltr'>seire</span> <span class='ocrx_word' id='word_1_184' title='bbox 252 3371 344 3445; x_wconf 86' lang='lat' dir='ltr'>lioet,</span> <span class='ocrx_word' id='word_1_185' title='bbox 361 3370 429 3437; x_wconf 85' lang='lat' dir='ltr'>sine</span> <span class='ocrx_word' id='word_1_186' title='bbox 452 3391 490 3436; x_wconf 89' lang='lat' dir='ltr'>eo</span> <span class='ocrx_word' id='word_1_187' title='bbox 512 3371 580 3437; x_wconf 88' lang='lat' dir='ltr'>fieri</span> <span class='ocrx_word' id='word_1_188' title='bbox 602 3393 667 3436; x_wconf 93' lang='lat' dir='ltr'>non</span> <span class='ocrx_word' id='word_1_189' title='bbox 689 3392 786 3456; x_wconf 88' lang='lat' dir='ltr'>posse</span> <span class='ocrx_word' id='word_1_190' title='bbox 807 3373 983 3455; x_wconf 83' lang='lat' dir='ltr'>putandum</span> <span class='ocrx_word' id='word_1_191' title='bbox 1006 3377 1074 3437; x_wconf 87' lang='lat' dir='ltr'>est.</span> <span class='ocrx_word' id='word_1_192' title='bbox 1134 3419 1201 3432; x_wconf 40' lang='grc' dir='ltr'>ψ...</span> 
     </span>
    </p>

    <p class='ocr_par' dir='ltr' id='par_1_11' title="bbox 72 3485 1129 3813">
     <span class='ocr_line' id='line_1_29' title="bbox 72 3485 1129 3571; baseline 0.002 -21"><span class='ocrx_word' id='word_1_193' title='bbox 72 3489 135 3551; x_wconf 81' lang='lat' dir='ltr'>ero‘</span> <span class='ocrx_word' id='word_1_194' title='bbox 148 3490 181 3549; x_wconf 88' lang='lat' dir='ltr'>et</span> <span class='ocrx_word' id='word_1_195' title='bbox 203 3485 352 3567; x_wconf 81' lang='lat' dir='ltr'>quoniam</span> <span class='ocrx_word' id='word_1_196' title='bbox 375 3487 494 3570; x_wconf 80' lang='lat' dir='ltr'>plagae</span> <span class='ocrx_word' id='word_1_197' title='bbox 517 3486 679 3568; x_wconf 85' lang='lat' dir='ltr'>quoddam</span> <span class='ocrx_word' id='word_1_198' title='bbox 701 3507 804 3570; x_wconf 84' lang='lat' dir='ltr'>genus</span> <span class='ocrx_word' id='word_1_199' title='bbox 826 3486 944 3571; x_wconf 84' lang='lat' dir='ltr'>exeipit</span> <span class='ocrx_word' id='word_1_200' title='bbox 964 3486 998 3551; x_wconf 92' lang='lat' dir='ltr'>in</span> <span class='ocrx_word' id='word_1_201' title='bbox 1020 3504 1055 3552; x_wconf 91' lang='lat' dir='ltr'>se</span> <span class='ocrx_word' id='word_1_202' title='bbox 1126 3503 1129 3508; x_wconf 79' lang='grc'><strong>“</strong></span> 
     </span>
     <span class='ocr_line' id='line_1_30' title="bbox 146 3600 964 3686; baseline 0.004 -24"><span class='ocrx_word' id='word_1_203' title='bbox 146 3600 285 3682; x_wconf 85' lang='lat' dir='ltr'>pupula,</span> <span class='ocrx_word' id='word_1_204' title='bbox 302 3620 374 3665; x_wconf 88' lang='lat' dir='ltr'>oum</span> <span class='ocrx_word' id='word_1_205' title='bbox 396 3603 514 3667; x_wconf 89' lang='lat' dir='ltr'>sentire</span> <span class='ocrx_word' id='word_1_206' title='bbox 537 3604 676 3668; x_wconf 80' lang='lat' dir='ltr'>colorem</span> <span class='ocrx_word' id='word_1_207' title='bbox 699 3601 814 3666; x_wconf 85' lang='lat' dir='ltr'>dieitur</span> <span class='ocrx_word' id='word_1_208' title='bbox 834 3602 964 3686; x_wconf 83' lang='lat' dir='ltr'>album,</span> 
     </span>
     <span class='ocr_line' id='line_1_31' title="bbox 147 3715 1049 3813; baseline 0.002 -35"><span class='ocrx_word' id='word_1_209' title='bbox 147 3720 242 3796; x_wconf 83' lang='lat' dir='ltr'>atque</span> <span class='ocrx_word' id='word_1_210' title='bbox 265 3715 354 3779; x_wconf 84' lang='lat' dir='ltr'>aliud</span> <span class='ocrx_word' id='word_1_211' title='bbox 376 3736 491 3813; x_wconf 84' lang='lat' dir='ltr'>porro,</span> <span class='ocrx_word' id='word_1_212' title='bbox 508 3716 632 3799; x_wconf 85' lang='lat' dir='ltr'>nigrum</span> <span class='ocrx_word' id='word_1_213' title='bbox 656 3737 727 3782; x_wconf 86' lang='lat' dir='ltr'>eum</span> <span class='ocrx_word' id='word_1_214' title='bbox 750 3724 783 3782; x_wconf 89' lang='lat' dir='ltr'>et</span> <span class='ocrx_word' id='word_1_215' title='bbox 805 3722 913 3781; x_wconf 83' lang='lat' dir='ltr'>uetere</span> <span class='ocrx_word' id='word_1_216' title='bbox 934 3716 1049 3794; x_wconf 79' lang='lat' dir='ltr'>sentit,</span> 
     </span>
    </p>
   </div>
   <div class='ocr_carea' id='block_1_3' title="bbox 145 3897 346 3906">
    <p class='ocr_par' dir='ltr' id='par_1_12' title="bbox 145 3897 346 3906">
     <span class='ocr_line' id='line_1_32' title="bbox 145 3897 346 3906; baseline 0.005 -2"><span class='ocrx_word' id='word_1_217' title='bbox 145 3897 346 3906; x_wconf 77' lang='lat'><strong>———--—-..-..-</strong></span> 
     </span>
    </p>
   </div>
   <div class='ocr_carea' id='block_1_4' title="bbox 149 4012 1274 4256">
    <p class='ocr_par' dir='ltr' id='par_1_13' title="bbox 149 4012 1274 4256">
     <span class='ocr_line' id='line_1_33' title="bbox 150 4012 1274 4089; baseline 0.003 -24"><span class='ocrx_word' id='word_1_218' title='bbox 150 4018 199 4066; x_wconf 86' lang='grc'>783</span> <span class='ocrx_word' id='word_1_219' title='bbox 210 4018 323 4067; x_wconf 78' lang='lat' dir='ltr'>calores.</span> <span class='ocrx_word' id='word_1_220' title='bbox 338 4014 352 4085; x_wconf 76' lang='grc' dir='ltr'>Η</span> <span class='ocrx_word' id='word_1_221' title='bbox 367 4020 415 4067; x_wconf 79' lang='grc'>785</span> <span class='ocrx_word' id='word_1_222' title='bbox 426 4026 514 4068; x_wconf 83' lang='lat' dir='ltr'>extra.</span> <span class='ocrx_word' id='word_1_223' title='bbox 529 4015 543 4088; x_wconf 84' lang='grc' dir='ltr'>ΙΙ</span> <span class='ocrx_word' id='word_1_224' title='bbox 557 4022 606 4069; x_wconf 93' lang='grc'>788</span> <span class='ocrx_word' id='word_1_225' title='bbox 615 4019 715 4070; x_wconf 87' lang='lat' dir='ltr'>inlicitu</span> <span class='ocrx_word' id='word_1_226' title='bbox 723 4018 880 4069; x_wconf 80' lang='lat' dir='ltr'>tribuamus.</span> <span class='ocrx_word' id='word_1_227' title='bbox 895 4014 909 4085; x_wconf 71' lang='grc' dir='ltr'>Ι)</span> <span class='ocrx_word' id='word_1_228' title='bbox 925 4019 975 4068; x_wconf 89' lang='grc'>790</span> <span class='ocrx_word' id='word_1_229' title='bbox 986 4025 1103 4068; x_wconf 81' lang='lat' dir='ltr'>crentur.</span> <span class='ocrx_word' id='word_1_230' title='bbox 1119 4012 1132 4086; x_wconf 84' lang='grc' dir='ltr'>ΙΙ</span> <span class='ocrx_word' id='word_1_231' title='bbox 1148 4017 1195 4068; x_wconf 87' lang='grc'>791</span> <span class='ocrx_word' id='word_1_232' title='bbox 1209 4015 1248 4068; x_wconf 88' lang='lat' dir='ltr'>Ne</span> <span class='ocrx_word' id='word_1_233' title='bbox 1260 4014 1274 4089; x_wconf 86' lang='grc' dir='ltr'>ΙΙ</span> 
     </span>
     <span class='ocr_line' id='line_1_34' title="bbox 149 4101 1273 4176; baseline 0 -22"><span class='ocrx_word' id='word_1_234' title='bbox 149 4119 195 4154; x_wconf 79' lang='lat' dir='ltr'>ea.</span> <span class='ocrx_word' id='word_1_235' title='bbox 216 4101 230 4175; x_wconf 83' lang='grc' dir='ltr'>Η</span> <span class='ocrx_word' id='word_1_236' title='bbox 250 4107 301 4155; x_wconf 87' lang='grc'>800</span> <span class='ocrx_word' id='word_1_237' title='bbox 314 4113 339 4154; x_wconf 86' lang='lat' dir='ltr'>et</span> <span class='ocrx_word' id='word_1_238' title='bbox 357 4113 401 4153; x_wconf 80' lang='lat' dir='ltr'>ent</span> <span class='ocrx_word' id='word_1_239' title='bbox 420 4102 434 4174; x_wconf 78' lang='grc' dir='ltr'>ΙΙ</span> <span class='ocrx_word' id='word_1_240' title='bbox 454 4107 579 4171; x_wconf 80' lang='lat' dir='ltr'>refulget.</span> <span class='ocrx_word' id='word_1_241' title='bbox 600 4104 614 4176; x_wconf 78' lang='grc' dir='ltr'>Η</span> <span class='ocrx_word' id='word_1_242' title='bbox 634 4110 684 4157; x_wconf 81' lang='grc'>803</span> <span class='ocrx_word' id='word_1_243' title='bbox 698 4108 775 4156; x_wconf 93' lang='lat' dir='ltr'>rubro</span> <span class='ocrx_word' id='word_1_244' title='bbox 794 4103 808 4174; x_wconf 76' lang='grc' dir='ltr'>ΙΙ</span> <span class='ocrx_word' id='word_1_245' title='bbox 829 4107 878 4155; x_wconf 79' lang='lat'>805</span> <span class='ocrx_word' id='word_1_246' title='bbox 898 4107 1042 4156; x_wconf 78' lang='lat' dir='ltr'>caeruleum</span> <span class='ocrx_word' id='word_1_247' title='bbox 1062 4107 1076 4175; x_wconf 69' lang='lat' dir='ltr'>ii</span> <span class='ocrx_word' id='word_1_248' title='bbox 1098 4109 1149 4157; x_wconf 89' lang='grc'>806</span> <span class='ocrx_word' id='word_1_249' title='bbox 1163 4105 1236 4169; x_wconf 70' lang='lat' dir='ltr'>largo</span> <span class='ocrx_word' id='word_1_250' title='bbox 1259 4103 1273 4175; x_wconf 78' lang='grc' dir='ltr'>Η</span> 
     </span>
     <span class='ocr_line' id='line_1_35' title="bbox 149 4193 358 4256; baseline 0.005 -16"><span class='ocrx_word' id='word_1_251' title='bbox 149 4193 198 4241; x_wconf 87' lang='grc'>809</span> <span class='ocrx_word' id='word_1_252' title='bbox 217 4200 302 4256; x_wconf 88' lang='lat' dir='ltr'>posset</span> <span class='ocrx_word' id='word_1_253' title='bbox 356 4222 358 4225; x_wconf 95' lang='lat'>-</span> 
     </span>
    </p>
   </div>
   <div class='ocr_carea' id='block_1_5' title="bbox 0 0 1376 4658">
    <p class='ocr_par' dir='ltr' id='par_1_14' title="bbox 0 0 1376 4658">
     <span class='ocr_line' id='line_1_36' title="bbox 0 0 1376 4658; baseline 0 0"><span class='ocrx_word' id='word_1_254' title='bbox 0 0 1376 4658; x_wconf 95' lang='lat' dir='ltr'> </span> 
     </span>
    </p>
   </div>
  </div>
 </body>
</html>
