2744 4658
714 272 744 335 Π

163 448 332 528 practerea
355 450 483 508 cunctas
505 442 614 508 itidem
637 463 690 508 res
712 448 835 508 vertere
859 461 952 506 sese.

84 581 136 628 875
163 564 290 624 vertunt
312 578 345 623 se
367 557 456 622 fluvii
478 557 609 624 frondes
633 564 664 624 et
686 557 806 642 pabula
828 556 911 619 laeta

163 674 195 737 in
218 673 378 758 pecudes,
394 680 519 738 vertunt
542 674 682 757 pecudes
705 673 896 756 incorpora
919 676 1030 736 nostra

163 796 330 865 naturam,
347 795 377 852 et
399 793 507 852 nostro
531 787 572 852 de
595 807 730 872 corpore
754 806 851 871 saepe
874 784 1015 850 ferarum

163 909 342 988 augescunt
362 903 448 968 vires
471 908 501 967 et
524 923 659 987 corpora
681 903 965 987 pennipotentum.

165 1040 242 1101 ergo
266 1036 376 1082 omnes
399 1021 516 1081 natura
538 1017 627 1081 cibos
648 1017 682 1081 in
705 1037 840 1100 corpora
862 1016 937 1080 viva

87 1158 139 1204 888
165 1135 257 1199 vertit
279 1139 310 1198 et
330 1132 404 1196 hinc
428 1150 541 1195 sensus
564 1130 759 1195 animantum
780 1138 929 1214 procreat
950 1150 1080 1209 omnes,

165 1270 232 1314 non
254 1248 319 1312 alia
340 1248 437 1329 longe
460 1245 582 1309 ratione
605 1245 713 1326 adque
737 1244 828 1308 arida
850 1245 940 1325 ligna

167 1363 307 1446 explicat
327 1361 361 1424 in
384 1361 529 1424 flammas
552 1366 584 1424 et
605 1360 639 1422 in
660 1360 745 1442 ignis
770 1360 874 1423 omnia
896 1365 1023 1425 versat.

167 1478 273 1541 iamne
295 1475 385 1540 vides
407 1473 503 1558 igitur
525 1475 633 1556 magni
655 1474 831 1559 primordia
853 1493 958 1539 rerum

165 1591 285 1657 referre
308 1591 341 1655 in
365 1590 450 1671 quali
473 1589 536 1654 sint
558 1590 668 1654 ordine
691 1607 839 1670 quaeque
863 1589 967 1654 locata

87 1730 137 1776 885
164 1714 197 1772 88
219 1705 388 1770 commixta
411 1704 525 1785 quibus
547 1705 622 1769 dent
644 1711 748 1768 motus
771 1704 1021 1787 accipiantque?

203 1823 285 1884 Tum
306 1840 400 1902 porro
425 1818 500 1900 quid
523 1819 556 1882 id
580 1825 647 1894 est,
664 1818 805 1881 animum
830 1818 913 1900 quod
935 1821 1088 1905 percutit,
1105 1820 1210 1905 ipsum

167 1935 252 2016 quod
275 1939 380 1997 movet
402 1938 433 1996 et
453 1933 560 1997 varios
583 1952 696 1997 sensus
719 1951 906 2016 expromere
928 1935 1032 2018 cogit,

164 2070 204 2115 ex
228 2048 431 2112 insensilibus
453 2066 494 2112 ne
517 2048 630 2112 credas
652 2046 772 2112 sensile
794 2047 913 2129 gigni?

163 2164 195 2228 ni
219 2163 351 2246 mirum,
368 2163 495 2247 lapides
518 2168 550 2226 et
572 2162 661 2245 ligna
684 2170 716 2227 et
737 2168 824 2227 terra
847 2162 931 2244 quod
954 2185 1017 2228 una

85 2301 137 2348 888
165 2280 261 2343 mixta
282 2284 391 2342 tamen
413 2282 576 2358 nequeunt
597 2277 726 2342 vitalem
749 2277 885 2342 reddere
908 2297 1057 2342 sensum.

69 2477 74 2486 Ι
162 2393 243 2457 illud
266 2393 297 2456 in
320 2391 369 2456 his
391 2391 488 2472 igitur
509 2393 605 2458 rebus
627 2392 810 2457 meminisse
834 2392 979 2470 decebit,

163 2529 228 2573 non
251 2527 291 2572 ex
315 2506 462 2570 omnibus
485 2508 633 2590 omnino,
651 2526 735 2587 quae
759 2528 894 2588 cumque
918 2515 1025 2572 creant
1047 2526 1121 2584 res,

165 2623 282 2689 sensile
306 2628 337 2686 et
360 2621 521 2705 extemplo
546 2640 597 2685 mc
619 2621 709 2705 gigni
731 2621 836 2688 dicere
859 2641 993 2699 sensus,

162 2736 221 2803 sed
245 2737 352 2817 magni
374 2735 494 2800 referre
517 2756 557 2801 ea
579 2735 714 2820 primum
738 2735 893 2817 quantula
920 2743 1084 2818 constent,

84 2877 137 2923 885
165 2852 284 2918 sensile
308 2871 389 2935 quae
412 2850 553 2928 faciunt,
570 2856 601 2915 et
623 2870 687 2932 qua
711 2850 773 2914 sint
795 2851 940 2934 praedita
961 2851 1085 2935 forma,

165 2968 303 3033 motibus
327 2965 489 3031 ordinibus
512 2965 664 3050 posituris
686 2965 824 3047 denique
848 2987 929 3047 quae
952 2968 1034 3031 sint.

166 3102 300 3165 quarum
323 3081 369 3144 nil
390 3100 495 3144 rerum
518 3080 552 3143 in
573 3079 670 3160 lignis
692 3081 881 3163 glaebisque
902 3082 1067 3146 videmus:

165 3202 325 3262 ettamen
347 3196 445 3278 haec,
463 3217 533 3260 oum
555 3202 627 3261 sunt
650 3195 742 3278 quasi
763 3195 947 3279 putrefacta
969 3219 1029 3280 per
1048 3196 1187 3277 imbres,

166 3311 354 3378 vermiculos
376 3310 523 3396 pariunt,
541 3311 615 3394 quia
638 3331 775 3397 corpora
798 3311 940 3376 materiai

87 3451 142 3497 noo
165 3427 305 3509 antiquis
329 3446 369 3490 ex
392 3424 556 3491 ordinibus
578 3432 723 3510 permota
747 3445 830 3489 nova
851 3444 887 3489 re

167 3541 378 3607 conciliantur
400 3540 443 3604 ita
466 3548 500 3604 ut
523 3540 641 3605 debent
663 3539 819 3604 animalia
840 3540 948 3623 gigni.

166 3655 284 3721 deinde
307 3675 367 3733 ea,
383 3655 557 3721 seminibus
580 3654 634 3736 qui
658 3655 775 3720 sensile
797 3673 894 3738 posse
917 3653 1016 3718 creari

168 3772 364 3836 constituunt
386 3792 481 3855 porro
505 3790 545 3835 ex
568 3769 641 3833 aliis
663 3768 781 3832 sentire
804 3767 922 3850 suetis,

166 3885 277 3952 mollia
299 3886 366 3951 iam
388 3884 530 3951 faciunt:
548 3903 623 3948 nam
646 3901 757 3948 sensus
779 3882 921 3964 iungitur
943 3880 1046 3946 omnis

172 4156 222 4204 875
245 4155 272 4203 in
298 4154 402 4204 frondes
428 4151 441 4220 ll
467 4153 516 4200 882
543 4159 567 4198 ct
591 4150 657 4213 ignis
683 4144 696 4215 ΙΙ
722 4149 768 4196 891
797 4147 869 4196 lodus
896 4144 908 4214 ll
933 4147 1048 4196 decedit.
1071 4141 1083 4211 ll
1110 4145 1160 4192 893
1185 4141 1294 4192 Sensilia

173 4242 281 4309 etamplo
301 4239 315 4308 Η
338 4241 387 4289 902
408 4253 440 4288 cx
453 4236 585 4288 sensilibus
606 4232 619 4302 ll
640 4236 690 4285 903
709 4235 790 4284 sueti.
812 4232 824 4304 ll
846 4236 897 4286 904
916 4234 1008 4283 Mollia
1026 4247 1083 4282 cum
