2744 4658
157 241 201 306 24
716 238 731 301 1

162 414 304 471 naturam
329 427 422 488 quam
446 413 529 488 tutus
553 407 650 472 habet
672 429 768 492 snper
790 409 874 489 ignis
898 408 1070 474 haberent.

85 544 136 590 660
161 521 264 587 aerior
287 523 383 586 ardor
404 522 490 588 euim
513 522 678 587 enndnetis
700 523 846 606 partibus
869 532 972 607 esset,

161 636 343 720 languidior
365 657 460 721 pnrrn
483 637 622 702 disiectis
645 637 759 718 disque
785 638 927 721 supatis:

162 753 299 837 amplius
322 752 383 817 hoe
405 751 474 818 fieri
498 751 543 815 nil
565 758 613 816 est
635 751 721 832 qnod
743 771 839 836 posse
862 754 964 818 rearis

160 868 278 933 talibus
300 868 332 931 in
356 867 480 943 nausia,
504 884 546 930 ne
567 865 642 929 dum
662 867 822 931 variantia
844 887 948 932 rernm

161 989 250 1047 tanta
273 989 367 1065 queat
390 982 500 1047 dennis
524 981 668 1063 rarisque
691 1001 729 1044 ex
752 982 879 1062 ignibus
900 1002 994 1050 6666.

86 1119 136 1166 666
162 1098 195 1161 id
218 1117 364 1180 qunque,
388 1097 414 1161 si
437 1096 559 1160 faciant
581 1096 756 1161 admixtum
779 1098 875 1163 rebus
897 1097 1013 1184 inane,

162 1213 289 1277 denseri
311 1217 462 1296 poterunt
483 1212 573 1295 ignes
595 1211 722 1292 rarique
743 1212 901 1294 relinqui:

160 1327 218 1393 sed
242 1328 316 1409 quia
338 1327 439 1391 inulta
460 1326 521 1392 eibi
545 1333 675 1391 eernnnt
698 1327 858 1391 contraria
880 1327 995 1396 adesse

161 1449 193 1508 et
214 1442 351 1527 fugitant
372 1441 405 1505 in
427 1442 523 1506 rebus
545 1441 641 1505 inane
665 1441 845 1523 relinquere
867 1464 1002 1528 purum,

162 1557 264 1622 ardua
286 1556 361 1620 dum
385 1561 547 1633 metuunt,
571 1555 718 1620 amittunt
739 1576 815 1620 vera
835 1558 917 1636 viai,

86 1694 137 1740 666
161 1692 220 1738 nee
242 1692 366 1736 rursum
389 1678 520 1736 nernunt
542 1677 689 1755 exempto
712 1671 807 1736 rebus
830 1670 919 1736 inani

162 1789 268 1851 omnia
290 1786 417 1851 denseri
439 1785 572 1868 fierique
595 1804 634 1851 ex
658 1787 805 1852 omnibns
827 1807 924 1851 unum

162 1922 297 1986 cornua,
320 1902 363 1966 nil
386 1902 427 1966 ab
450 1921 486 1968 66
509 1902 595 1983 quod
617 1902 720 1986 possit
741 1902 864 1966 mittere
887 1904 1022 1987 raptim:

162 2016 291 2083 aebtifer
314 2016 399 2098 ignis
421 2018 465 2081 uti
488 2019 593 2082 lnnren
616 2017 692 2082 iaeit
714 2023 809 2098 atque
832 2036 1005 2101 vaporem,

161 2142 194 2198 ut
216 2132 327 2198 videas
350 2153 416 2196 nnn
438 2152 456 2197 6
480 2132 606 2216 stipatis
628 2131 772 2215 partibus
796 2153 887 2196 6666.

87 2272 136 2317 666
162 2248 247 2331 quod
271 2249 297 2313 si
320 2247 403 2312 ferte
425 2248 491 2311 alia
514 2246 647 2311 eredunt
669 2247 792 2312 ratione
814 2255 942 2331 potesse

162 2364 246 2448 ignis
267 2365 301 2427 in
323 2370 414 2428 enetu
437 2362 554 2444 stingui
577 2370 762 2446 mutareque
785 2384 919 2448 corpur,

162 2479 302 2562 seilicet,
327 2499 366 2544 ex
389 2479 479 2543 nulla
500 2477 610 2544 faeere
633 2479 666 2542 id
690 2479 715 2542 si
738 2487 830 2565 parte
854 2488 1043 2565 repareent‚

163 2594 287 2662 nonidet
309 2596 349 2658 ad
372 2594 491 2671 nilum,
514 2595 547 2658 ni
569 2596 703 2679 mirum,
726 2596 867 2662 funditus
890 2597 986 2661 ardnr

162 2711 264 2776 omnis
287 2718 318 2775 et
340 2731 357 2776 e
381 2710 447 2775 niln
470 2710 546 2775 fient
569 2732 651 2793 quae
674 2732 807 2794 eumque
829 2720 994 2776 creantur:

87 2850 137 2897 670
162 2848 235 2891 narn
259 2828 501 2910 quodcumque
525 2828 590 2891 suis
612 2833 765 2891 rnntaturn
788 2826 902 2892 finibus
926 2828 1010 2904 exit,

161 2945 308 3010 nontinun
332 2945 392 3009 hen
414 2964 499 3007 mors
523 2947 570 3006 ent
591 2943 676 3008 illius
701 2943 786 3024 quud
806 2943 865 3008 fuit
885 2949 978 3008 ante.

159 3061 293 3146 proinde
316 3059 427 3141 aliquit
449 3077 600 3142 superare
622 3078 754 3124 neeesse
777 3066 826 3124 est
848 3036 1011 3136 inenlnme'
1029 3059 1122 3142 ollis,

162 3198 200 3241 ne
223 3175 279 3240 tibi
302 3195 353 3239 666
376 3174 508 3239 redeant
530 3173 571 3237 ad
594 3174 693 3238 nilum
716 3173 859 3240 funditus
884 3194 993 3240 nnrnes

159 3292 200 3357 de
223 3290 351 3373 nilnque
374 3295 486 3354 renata
508 3291 651 3371 vigescat
674 3289 767 3374 nupia
789 3311 914 3366 rerum.

85 3429 134 3476 666
161 3427 244 3470 nune
265 3405 362 3487 igitur
384 3405 535 3487 qnoniam
558 3405 734 3469 certissima
757 3425 891 3492 corpora
915 3406 1072 3489 quaedam

159 3529 249 3604 sunt,
274 3540 356 3602 quae
379 3526 569 3585 conservant
592 3525 737 3584 naturam
759 3540 886 3605 semper
908 3523 1063 3599 eandem,

160 3658 292 3721 qnorum
316 3635 403 3700 abitu
426 3640 480 3698 aut
502 3633 591 3698 aditu
613 3643 797 3718 mutatoque
820 3637 932 3703 ordine
955 3644 1075 3702 mutant

159 3758 304 3817 naturam
327 3770 380 3815 res
402 3755 433 3813 et
455 3757 642 3815 convertunt
664 3772 801 3835 corpora
823 3772 915 3837 6666,

159 4060 208 4107 649
222 4057 342 4106 haberet.
366 4050 378 4122 Η
398 4056 445 4102 651
460 4054 603 4118 Langidior
617 4053 630 4124 Η
646 4059 694 4106 657
709 4072 795 4106 muse.
815 4053 827 4124 Η
848 4058 898 4105 659
913 4058 1043 4106 vernula.
1065 4056 1078 4124 Η
1099 4059 1149 4106 660
1162 4057 1254 4106 inane.
1271 4054 1284 4125 Η

160 4147 210 4194 662
224 4145 318 4208 raptis.
340 4141 353 4210 Η
374 4143 425 4190 665
444 4141 496 4190 mia
516 4138 529 4210 Η
551 4146 600 4192 666
620 4153 707 4193 coetus
727 4140 739 4211 Η
760 4159 909 4206 mnsareque
929 4141 940 4211 Η
963 4146 1012 4194 668
1033 4144 1147 4194 funditur
1162 4144 1255 4193 arbor.
1271 4141 1284 4213 Η

161 4234 211 4287 669
224 4247 239 4287 6
252 4232 392 4282 omarum.
413 4225 427 4298 Η
448 4233 499 4279 670
518 4240 659 4281 mutuatum
679 4229 692 4303 Η
716 4235 764 4281 671
785 4232 895 4284 virescat
