2744 4658
152 255 202 320 02
710 249 740 312 Π

86 442 136 489 965
162 422 335 486 sollicitata
359 421 426 485 suis
447 419 609 504 trepidant
631 421 663 483 in
687 420 818 483 sedibus
840 420 944 505 intus,

161 537 257 618 inque
280 536 385 600 locum
409 535 538 616 quando
562 536 756 620 remigrant,
774 535 808 597 lit
829 535 951 600 blanda
972 536 1142 621 voluptas,

161 650 243 715 seire
265 651 341 715 licet
364 650 450 714 nullo
475 648 650 734 primordia
673 669 770 734 posse
792 649 903 714 dolore

161 765 311 850 temptari
333 765 519 847 nullamque
542 765 736 849 voluptatem
759 783 876 848 capere
899 783 938 826 ex
960 783 1017 847 se;

164 880 424 962 quandoquidem
447 898 511 942 non
534 885 626 964 sunt,
644 899 683 944 ex
706 880 780 944 ullis
802 879 1030 964 principiorum

87 1018 137 1065 970
164 995 372 1080 corporibus,
390 1015 524 1075 quorum
547 1001 651 1059 motus
674 996 814 1060 novit-ate
833 995 981 1060 laborent

163 1116 219 1174 aut
241 1110 381 1190 aliquem
405 1108 540 1173 fructum
565 1109 693 1193 capiant
715 1110 893 1175 dulcedinis
914 1111 1040 1176 almae:

164 1225 242 1289 haut
263 1225 361 1306 igitur
383 1223 501 1289 debent
524 1245 595 1289 esse
618 1225 682 1290 ullo
705 1226 852 1310 praedita
874 1245 993 1291 sensu.

201 1341 349 1422 Denique
372 1340 417 1403 uti
440 1339 563 1425 possint
585 1339 704 1404 sentire
726 1339 879 1404 animalia
902 1361 1067 1426 quaeque,

163 1455 329 1540 principiis
353 1455 379 1519 si
403 1455 468 1518 iam
491 1461 540 1518 est
561 1473 676 1518 sensus
698 1455 884 1520 tribuendus
908 1475 1037 1538 eorum,

89 1591 138 1638 975
164 1568 261 1651 quid,
278 1589 380 1652 genus
402 1570 574 1632 humanum
597 1569 762 1652 propritim
786 1571 827 1634 de
849 1570 955 1650 quibu'
977 1568 1156 1635 factumst?

163 1683 302 1768 scilicet,
322 1690 353 1748 et
375 1684 441 1748 risu
462 1684 597 1748 tremulo
621 1703 776 1747 concussa
799 1683 990 1747 cachinnant

163 1805 194 1865 et
216 1799 356 1863 lacrimis
380 1806 535 1883 spargunt
558 1799 739 1862 rorantibus
763 1818 820 1861 ora
841 1819 1027 1883 genasque,

163 1915 324 1996 multaque
348 1913 389 1978 de
412 1934 517 1979 rerum
541 1915 676 1977 mixtura
698 1914 803 1978 dicere
826 1914 966 1997 callent,

161 2037 193 2094 et
216 2030 276 2093 sibi
299 2050 453 2114 proporro
478 2049 561 2111 quae
583 2029 646 2093 sint
668 2029 844 2113 primordia
867 2035 1048 2109 quaerunt3

87 2165 137 2212 980
164 2143 422 2226 quandoquidem
446 2144 520 2208 totis
544 2143 731 2208 mortalibus
756 2141 949 2206 adsimulata

163 2260 236 2343 ipsa
260 2278 386 2339 quoque
408 2278 448 2322 ex
470 2259 542 2322 aliis
565 2257 683 2321 debent
706 2263 853 2323 constare
876 2258 1062 2335 elementis,

164 2372 238 2438 inde
262 2373 327 2437 alia
350 2394 390 2438 ex
413 2373 507 2456 aliis,
523 2393 681 2454 nusquam
706 2372 878 2438 consistere
901 2379 935 2437 ut
957 2373 1065 2439 ausis:

163 2488 281 2573 quippe
305 2509 440 2572 sequar,
461 2489 545 2571 quod
571 2508 705 2571 cumque
726 2488 816 2570 loqui
838 2488 1007 2571 ridereque
1030 2489 1118 2556 dices

164 2609 195 2667 et
218 2623 352 2688 sapere,
369 2625 409 2669 ex
432 2604 504 2669 aliis
527 2603 640 2668 eadem
663 2603 745 2668 haec
767 2603 958 2670 facientibus
980 2609 1014 2667 ut
1036 2605 1097 2669 sit.

88 2736 138 2784 995
166 2717 251 2798 quod
274 2719 300 2782 si
323 2718 426 2782 delira
446 2718 528 2784 haec
550 2717 736 2800 furiosaque
760 2719 918 2783 cernimus
942 2737 1033 2802 esso,

164 2838 196 2896 et
217 2833 321 2898 ridere
342 2806 448 2918 potedt
469 2854 533 2898 non
556 2853 596 2898 ex
618 2832 785 2897 ridentibu’
809 2832 935 2918 factust,

164 2954 196 3011 et
218 2968 331 3032 sapere
355 2956 386 3012 et
408 2948 510 3012 doctis
532 2948 689 3012 rationem
712 2947 846 3014 reddere
869 2949 961 3014 dictis

163 3082 226 3125 non
251 3083 291 3126 ex
313 3063 486 3127 seminibus
508 3063 707 3147 sapientibus
730 3070 826 3146 atque
850 3063 997 3147 disertis,

165 3177 218 3257 qui
243 3176 346 3241 minus
370 3195 441 3241 esse
464 3185 583 3258 queant
604 3197 643 3242 ea
666 3198 750 3261 quae
773 3178 892 3243 sentire
912 3177 1057 3244 videmus

89 3311 139 3358 990
166 3291 341 3356 seminibus
364 3292 520 3375 permixta
543 3294 724 3357 carentibus
746 3292 888 3374 undique
911 3295 1033 3358 sensu?

203 3405 351 3486 Denique
374 3405 504 3470 caelesti
528 3427 636 3471 sumus
660 3427 771 3471 omnes
793 3407 914 3474 semino
937 3407 1083 3471 oriundi:

166 3519 312 3584 omnibus
335 3520 389 3585 illo
411 3519 495 3584 idem
519 3527 610 3606 pater
632 3529 699 3605 est,
716 3521 802 3586 unde
825 3522 911 3586 alma
936 3522 1086 3606 liquentis

55 3634 61 3643 ’
163 3634 283 3699 umoris
304 3640 411 3718 guttas
433 3641 534 3700 mater
557 3657 628 3700 oum
650 3642 736 3701 terra
759 3637 900 3719 recepit,

164 3747 233 3812 feta
254 3749 340 3831 parit
361 3750 480 3815 nitidas
502 3750 613 3832 fruges
636 3752 831 3832 arbustaque
853 3752 939 3818 laeta

91 3883 140 3931 995
166 3870 198 3929 ot
219 3883 322 3947 genus
344 3864 537 3949 humanum,
553 3866 639 3950 parit
662 3866 769 3929 omnia
791 3868 898 3931 saecla
919 3865 1078 3944 ferarum,

169 4143 219 4189 966
238 4141 269 4188 ln
288 4156 338 4202 quo
360 4138 374 4208 ll
395 4124 451 4189 970¹
465 4150 606 4191 auctumst.
628 4140 641 4210 Η
663 4146 711 4192 9ῖῖ
731 4153 841 4208 purgant
861 4148 873 4210 ql
896 4146 945 4193 982
965 4144 999 4192 ali
1019 4160 1051 4195 ex
1070 4142 1084 4213 ΙΙ
1105 4148 1155 4196 985
1174 4146 1256 4196 detira
1275 4142 1288 4214 ll

169 4228 218 4276 986
238 4238 343 4277 auctus.
