2744 4658
682 219 727 283 VI

138 391 302 458 constitnit
323 399 438 458 natura
459 393 588 458 minutis
611 392 848 475 mobilibusque

139 509 349 593 corporibus,
367 509 415 573 oni
440 508 484 571 nil
507 509 636 573 omuino
659 507 814 573 obsistere
836 509 958 592 possit.

59 643 114 692 aas
138 625 253 689 transit
274 624 359 689 enim
380 624 523 688 validum
545 623 666 688 fulmen
687 644 745 707 per
767 643 868 708 saxa,
886 643 943 708 per
965 643 1062 690 aera.

60 760 113 809 aso
138 745 171 805 et
192 738 348 822 liquidum
370 745 490 824 puncto
513 739 590 803 faoit
611 758 668 803 aes
690 739 722 801 in
745 744 887 821 tempore
911 747 943 805 et
965 759 1098 825 aurum,

137 861 230 921 onrat
250 855 317 920 utei
339 855 426 920 vasis
450 855 582 936 integris
604 854 680 919 vina
703 860 835 937 repente

137 970 327 1055 diffugiant,
346 971 442 1055 quia,
460 971 491 1034 ni
514 970 647 1046 mirum,
664 968 758 1033 laoile
783 970 890 1034 omnia
913 970 1032 1036 oiroum

137 1088 288 1152 conlaxat
309 1105 446 1169 rareque
468 1084 544 1151 saoit
566 1085 756 1150 lateramina
779 1085 864 1149 vasis

137 1200 313 1267 adveniens
337 1201 426 1266 oalor
450 1202 537 1284 eins,
555 1207 586 1265 et
607 1201 785 1265 insinuatus
808 1201 839 1263 in
864 1199 970 1283 ipsum

59 1338 112 1387 aas
137 1315 299 1382 mobiliter
321 1316 454 1381 soluens
476 1316 580 1380 differt
602 1296 778 1400 primordia
799 1314 884 1379 vini.

137 1431 223 1514 quod
247 1430 325 1496 solis
347 1451 449 1515 vapor
472 1438 606 1495 aetatem
631 1449 695 1494 non
718 1450 814 1513 posse
836 1430 964 1494 videtur

138 1547 268 1614 efficere
290 1566 391 1628 usqne
414 1544 495 1610 adeo
519 1545 646 1629 pollens
668 1542 794 1609 fervore
818 1565 974 1610 oorusoo.

135 1668 225 1728 tanto
249 1661 398 1726 mobilior
422 1662 470 1725 vis
493 1667 524 1724 et
545 1658 763 1724 dominantior
786 1661 955 1725 baeoest.

174 1780 267 1843 Nunc
290 1796 331 1842 ea
353 1797 416 1857 quo
440 1783 535 1858 paeto
557 1776 730 1860 gignantur
753 1783 783 1838 et
804 1776 921 1874 impete
945 1782 1034 1841 tanto

67 1913 116 1961 aso
137 1892 216 1959 fiant
237 1897 272 1954 nt
293 1890 419 1975 possint
440 1890 506 1955 iotn
528 1890 709 1954 discludere
731 1889 844 1966 turris,
916 1952 921 1961 ,

141 2007 318 2073 disbarbare
341 2007 473 2090 domos,
491 2005 631 2071 avellere
654 2005 743 2087 tigna
768 2005 959 2087 trabesque,

139 2130 170 2197 et
190 2122 334 2187 lamenta
357 2121 460 2185 virum
484 2121 659 2186 commoliri
683 2127 780 2202 atque
803 2121 906 2205 olere,

136 2239 322 2305 exanimare
347 2237 512 2322 homines,
529 2236 669 2321 pooudes
693 2243 897 2322 prosternere
919 2236 1062 2320 passim,

133 2360 245 2420 uetera
267 2355 307 2416 de
330 2372 448 2434 genere
472 2353 533 2417 hoo
556 2373 619 2435 qua
642 2353 671 2414 vi
695 2352 800 2418 t‘aoere
824 2352 931 2417 omnia
953 2350 1097 2437 possint,

58 2491 109 2540 245
136 2468 328 2555 expediam,
347 2487 451 2550 neque
474 2474 505 2531 te
528 2467 560 2530 in
584 2467 750 2551 promissis
771 2468 865 2551 plura
888 2466 1059 2531 morabor.

176 2582 324 2648 Fulmina
346 2584 473 2664 gignier
496 2603 513 2646 e
537 2583 656 2647 crassis
679 2582 807 2663 altoque
830 2583 1039 2665 putandumst

137 2700 276 2767 nubibus
300 2701 471 2765 extructis:
489 2718 562 2762 nam
586 2697 677 2763 oaelo
701 2697 790 2760 nulla
813 2716 927 2761 sereno

137 2837 198 2882 neo
220 2817 330 2882 leviter
354 2816 464 2882 densis
486 2815 651 2878 mittuntur
671 2812 809 2877 nubibus
833 2832 1004 2893 nmquam.

138 2953 214 2998 nam
238 2931 334 2996 dubio
357 2931 469 3016 prooul
492 2930 552 2995 hoo
575 2930 642 2994 fieri
666 2926 838 2993 manifesta
863 2927 956 2992 dooet
976 2943 1049 3008 res3

59 3071 114 3119 aso
140 3047 226 3133 quod
248 3052 315 3110 tum
338 3067 395 3132 per
417 3051 517 3109 totum
540 3050 748 3110 eonoresobnt
770 3051 845 3108 adra
866 3043 987 3124 nubes,

138 3162 280 3245 undique
303 3163 347 3227 uti
370 3134 520 3227 tenebras
544 3160 647 3223 omnis
671 3156 854 3222 Acherunta
876 3176 1002 3220 reamur

139 3277 274 3360 liquisse
298 3285 330 3342 et
352 3297 486 3359 magnas
510 3276 588 3340 oaeli
612 3272 790 3357 complesse
814 3289 989 3335 savernas.

140 3413 241 3483 usqne
264 3392 347 3458 adeo
369 3401 452 3457 tetra
476 3391 652 3454 nimborum
678 3394 768 3452 noote
793 3392 902 3451 ooorta

139 3508 315 3594 inpendent
338 3513 427 3574 atrae
449 3507 628 3571 formidinis
652 3525 709 3570 ora
732 3520 889 3586 superne,

64 3646 116 3694 aba
141 3646 213 3691 oum
235 3624 411 3690 commoliri
433 3628 607 3708 tempestas
630 3620 762 3686 fulmina
786 3622 935 3702 coeptat.

141 3827 344 3835 ---

146 3964 197 4012 226
215 3960 410 4022 montibusqne.
432 3957 445 4027 Η
467 3959 517 4007 228
536 3973 580 4021 per
598 3966 669 4020 septa
688 3957 837 4004 domorum.
859 3951 872 4022 ll
893 3954 943 4002 229
963 3951 1067 4002 Clamor
1090 3959 1118 3998 ut
1140 3965 1170 3999 ao
1194 3961 1269 3997 voces

144 4049 236 4102 transit
254 4063 298 4112 per
315 4063 387 4098 sasas
405 4063 449 4111 per
467 4062 542 4107 aera.
568 4044 581 4112 ll
607 4047 655 4094 231
676 4045 737 4094 item
762 4039 775 4111 Η
800 4045 851 4091 234
870 4050 898 4090 ut
922 4042 935 4107 tl
962 4041 1011 4090 231
1032 4039 1120 4089 tollens
1139 4036 1235 4086 fervere
1255 4032 1267 4101 Η

145 4140 194 4188 241
216 4137 278 4201 igne
297 4135 310 4202 ΙΙ
331 4137 381 4186 242
395 4135 553 4186 monimenta
572 4129 586 4202 ΙΙ
606 4134 656 4183 245
670 4132 846 4184 teneriorem.
868 4125 882 4199 l}
902 4131 952 4179 246
966 4128 1038 4194 gigni
1051 4142 1064 4177 e
1077 4125 1163 4176 classis
1184 4121 1197 4193 Η
1218 4124 1269 4174 250

146 4236 207 4278 tunc
