2744 4658
693 259 721 325 V

59 453 117 500 174
145 430 263 515 quidve
284 432 362 498 mali
383 432 490 499 luerat
511 432 604 498 nobis
627 453 692 497 non
716 453 786 498 esse
808 424 952 498 creatis?

57 569 113 615 177
142 552 238 613 natus
260 547 344 613 enim
367 548 463 614 debet
485 547 538 630 qui
562 567 701 631 eumque
723 553 771 612 ost
792 548 875 613 velle
896 566 1026 613 manere

141 662 175 728 in
201 662 288 741 vita,
305 662 409 728 donee
430 662 579 728 retinebit
600 663 722 727 blanda
743 664 913 746 uoluptas:

141 778 195 861 qui
222 796 393 859 numquam
417 797 493 842 vero
514 778 599 842 vitae
622 777 760 858 gustavit
781 796 923 842 amorem

57 913 114 961 180
140 913 199 958 neo
220 891 280 957 suit
300 876 508 977 innumero,
527 892 603 973 quid
627 892 718 958 obest
739 912 804 957 non
826 911 897 958 esse
920 890 1092 957 creatum?

141 1007 322 1092 exemplum
344 1027 439 1091 porro
462 1005 635 1092 gignundis
657 1007 754 1070 rebus
776 1012 808 1071 et
829 1007 901 1091 ipsa

139 1121 268 1188 notities
290 1121 452 1185 hominum
475 1119 525 1185 dis
546 1119 631 1185 unde
655 1128 703 1187 est
725 1120 822 1186 insita
843 1121 999 1206 primunr,

141 1235 218 1318 quid
240 1236 358 1301 vellent
378 1235 485 1300 faeere
506 1241 541 1298 ut
563 1234 680 1300 seirent
701 1236 872 1316 animoque
896 1235 1060 1312 viderent,

141 1368 245 1432 quove
268 1348 393 1415 modost
414 1369 563 1433 umquam
585 1350 634 1416 vis
658 1350 786 1431 cognita
808 1349 1053 1434 principiorum,

60 1487 113 1534 185
139 1464 283 1548 quidque
305 1463 387 1528 inter
409 1484 480 1530 sese
502 1470 680 1550 permutato
703 1465 814 1530 ordine
836 1469 989 1549 possent,

137 1579 166 1646 si
188 1600 253 1644 non
274 1578 348 1662 ipsa
369 1579 458 1644 dedit
479 1579 639 1664 speoimon
661 1585 778 1645 natura
801 1578 959 1645 creandi?
1020 1660 1024 1667 Ι

137 1712 279 1776 namque
302 1693 347 1757 ita
368 1695 468 1758 multa
490 1694 593 1760 modis
616 1695 723 1760 multis
745 1694 921 1780 primordia
944 1714 1049 1760 rerum

140 1829 181 1876 ex
201 1807 327 1873 infinito
349 1809 412 1873 iam
434 1815 578 1893 tempore
601 1809 721 1892 percita
742 1809 849 1894 plagis

142 1922 399 2008 ponderibusque
421 1923 488 1988 suis
511 1928 704 1988 consuerunt
726 1922 850 1986 oonoita
872 1921 947 1986 serri

64 2058 118 2107 190
141 2036 394 2118 omnimodisque
417 2042 503 2104 coire
527 2043 623 2121 atque
646 2037 753 2102 omitia
774 2042 1010 2121 pertemptare,

139 2171 225 2236 quae
247 2170 382 2233 eumque
404 2152 486 2217 inter
509 2173 544 2219 se
566 2150 897 2238 possenPoongressa
919 2170 1052 2236 creare,

136 2274 260 2334 utnon
283 2266 324 2331 sit
345 2265 478 2353 mirum,
494 2269 521 2334 si
544 2269 576 2333 in
598 2270 672 2333 talis
696 2267 907 2351 disposituras

139 2381 329 2448 desiderunt
350 2401 477 2464 quoque
501 2388 533 2446 et
556 2382 588 2445 in
611 2381 684 2447 talis
706 2402 824 2447 venere
847 2388 995 2466 meatus,

137 2496 287 2578 qualibus
310 2495 390 2560 haee
411 2515 517 2560 rerum
539 2495 661 2577 geritur
684 2516 767 2560 nuno
789 2515 918 2560 summa
940 2497 1110 2561 novando.

61 2633 113 2680 195
183 2610 277 2690 Quod
300 2610 411 2675 silam
434 2630 538 2674 rorum
561 2610 706 2690 ignorem
729 2609 904 2695 primordia
928 2629 1016 2692 quae
1039 2610 1121 2694 sint,

139 2725 204 2813 boe
225 2731 335 2790 tamen
358 2744 397 2790 ex
420 2724 499 2808 ipsis
514 2725 608 2789 ¹oaeli
632 2724 810 2790 rationibus
832 2722 935 2789 ausim

139 2839 328 2905 confirmare
351 2839 488 2920 aliisque
512 2859 551 2904 ex
577 2841 672 2905 robus
695 2839 832 2905 reddere
854 2837 981 2920 multis,

143 2973 354 3037 nequaquam
376 2953 469 3018 nobis
492 2954 644 3019 divinitus
667 2973 738 3018 esse
759 2960 908 3039 paratam

142 3076 290 3133 naturam
313 3088 438 3133 rerum:
456 3072 546 3131 tanta
568 3073 632 3132 stat
653 3067 798 3151 praedita
821 3067 937 3151 eulpa.

63 3204 117 3251 noo
144 3183 301 3267 principio
325 3188 478 3263 quantum
503 3183 586 3246 caeli
609 3181 688 3264 tegit
710 3181 847 3264 impetus
869 3181 1003 3262 ingens,

141 3296 218 3362 inde
241 3298 381 3381 aliquam
405 3302 526 3380 partem
550 3304 672 3361 montes
695 3297 860 3377 silvaeque
882 3294 1021 3359 ferarum

144 3411 338 3497 possedere,
355 3417 465 3478 tenent
486 3396 781 3496 rupes'vastaoque
804 3409 942 3495 paludes

143 3533 176 3591 et
196 3546 305 3611 mare,
322 3527 408 3609 quod
431 3526 496 3590 late
519 3532 673 3590 terrarum
697 3525 829 3589 distinet
851 3545 944 3589 oras.

145 3640 220 3706 inde
243 3641 325 3706 duas
348 3662 442 3725 porro
465 3660 568 3748 prope
590 3639 692 3725 partis
715 3638 856 3705 l'ervidus
879 3638 975 3702 ardor

67 3775 119 3823 nos
145 3754 365 3838 adsiduusque
387 3755 454 3840 geli
477 3775 572 3820 casus
594 3754 780 3819 mortalibus
803 3753 926 3818 aufert.

147 3869 234 3952 qnod
257 3890 354 3957 super
378 3875 428 3937 est
449 3871 518 3936 arvi
533 3921 541 3949 ‚
557 3877 664 3936 tamen
687 3869 720 3933 id
743 3875 858 3933 natura
880 3887 940 3933 sua
962 3867 992 3931 vi

147 4045 348 4053 ———--

153 4147 202 4194 182
222 4144 288 4193 diris
307 4140 321 4211 Η
344 4147 392 4196 185
412 4161 437 4195 se
458 4143 471 4212 Η
494 4148 541 4194 tto
562 4145 671 4209 speciem
691 4144 704 4212 Η
727 4147 774 4194 187
793 4143 950 4192 multimodis
969 4139 983 4211 Η
1005 4142 1052 4191 191
1073 4141 1169 4206 possint
1189 4139 1201 4208 Η
1223 4141 1272 4188 193
1355 4186 1361 4192 .

150 4241 277 4282 tuuestus.
297 4228 312 4298 Η
334 4235 382 4282 195
401 4233 422 4280 si
442 4234 581 4283 omissum.
602 4232 615 4300 Η
637 4235 684 4282 291
707 4231 807 4279 avidam

1009 4325 1072 4394 ll*
