2744 4658
198 254 261 319 210
737 249 782 313 VI

197 423 231 488 fit
254 443 380 506 quoque
403 429 438 486 ut
459 422 542 487 inter
565 421 639 486 dum
663 420 762 486 validi
784 422 832 486 vis
853 422 952 486 incita
974 423 1057 487 venti

195 538 378 622 perscindat
400 539 517 603 nubem
540 535 742 622 perfringens
762 537 880 620 impete
902 546 1008 602 recto:

198 675 273 718 nam
297 652 372 736 quid
396 653 496 737 possit
519 653 562 718 ibi
585 652 678 718 flatus
700 652 873 718 manifesta
897 653 990 718 docet
1011 673 1083 731 ree,

124 790 172 836 140
197 769 269 853 hio,
287 769 342 833 ubi
363 769 466 834 lenior
489 775 556 852 est,
573 768 605 832 in
628 777 711 833 terra
735 789 806 834 eum
828 776 934 833 tamen
960 771 1027 835 alta

198 886 327 949 arbusta
350 885 503 949 evolvens
525 883 685 949 radicibus
708 883 813 947 haurit
835 885 875 949 ab
898 885 991 948 imis.

198 1007 270 1066 sunt
292 1001 385 1064 etiarn
408 999 521 1064 fluctus
542 1020 600 1083 per
623 1000 753 1081 nubila,
772 1001 825 1082 qui
849 1000 942 1082 quasi
967 1021 1105 1065 murmur

198 1117 275 1180 dant
297 1116 330 1179 in
352 1115 532 1195 frangendo
556 1115 717 1198 graviter,
736 1116 822 1196 quod
844 1117 920 1181 item
942 1115 976 1178 fit
998 1116 1030 1179 in
1053 1117 1127 1181 altis

197 1231 379 1296 fluminibus
402 1250 585 1312 magnoque
610 1232 709 1304 mari,
726 1251 797 1294 cunr
820 1232 974 1311 frangitur
997 1237 1129 1295 aestus.

123 1369 171 1416 145
197 1348 230 1412 id
253 1366 401 1429 quoque,
418 1347 472 1410 ubi
495 1367 512 1410 e
535 1347 611 1410 nubi
635 1347 667 1410 in
691 1348 807 1411 nubem
830 1349 877 1411 vis
900 1346 1012 1411 incidit
1034 1346 1153 1411 ardens

196 1462 357 1544 fulminis,
375 1462 453 1527 baec
477 1461 574 1525 multu
598 1462 623 1525 si
647 1460 730 1527 forte
753 1484 864 1528 umore
888 1463 1008 1546 recepit

197 1579 322 1662 ignem,
340 1578 489 1643 continuo
514 1598 631 1659 magno
656 1578 795 1641 clamore
818 1578 976 1659 trucidat;

196 1700 230 1757 ut
252 1694 366 1758 calidis
390 1694 531 1757 candens
554 1692 670 1757 ferrum
696 1713 713 1756 e
736 1680 920 1757 fornacibus
944 1693 1018 1756 olim

196 1808 299 1873 stridit
312 1861 318 1887 ‚
331 1809 387 1872 ubi
410 1809 442 1872 in
465 1807 606 1891 gelidum
629 1829 765 1893 propere
790 1809 1000 1874 demersimus
1021 1808 1174 1873 imbrem.

123 1944 172 1991 150
197 1924 317 1988 aridior
339 1946 434 2010 porro
459 1925 486 1988 si
509 1924 611 1988 nubes
634 1924 749 2009 accipit
770 1925 898 2008 ignem,

198 2041 297 2104 uritur·
319 2041 442 2124 ingenti
466 2040 571 2104 sonitu
593 2059 748 2105 succensa
769 2047 923 2124 repente3
1030 2122 1032 2127 .

197 2155 391 2220 lauricomos
413 2163 447 2218 ut
469 2156 495 2220 si
518 2175 576 2238 per
598 2156 714 2219 inentis
738 2154 867 2218 flamma
888 2162 1024 2236 vagetur

195 2270 321 2334 turbine
343 2277 509 2334 ventorum
532 2271 721 2335 comburens
741 2271 861 2353 impete
885 2291 1020 2352 magno:
1079 2278 1085 2289 ’

194 2406 254 2451 nec
277 2408 328 2451 res
350 2387 416 2449 ulla
438 2385 540 2466 nragis
564 2405 659 2467 quam
682 2384 807 2450 Phoebi
832 2386 991 2469 Delphica
1015 2388 1125 2450 laurus

122 2523 169 2570 155
195 2501 326 2566 terribili
350 2502 453 2565 sonitu
475 2498 606 2565 flamma
629 2501 805 2584 crepitante
828 2509 1005 2566 crematur.

195 2617 333 2699 denique
356 2636 455 2700 saepe
479 2616 543 2697 geli
567 2600 684 2680 multus
707 2617 815 2698 fragor
837 2624 932 2699 atque
954 2619 1046 2682 ruina

196 2732 363 2817 grandinis
386 2733 419 2795 in
443 2731 570 2813 magnis
593 2733 731 2797 sonitum
755 2731 811 2796 dat
833 2735 973 2797 nubibus
995 2734 1079 2796 alte:

193 2854 307 2913 uentus
331 2849 412 2912 enim
438 2868 507 2910 oum
532 2847 702 2929 conseruit,
720 2849 908 2930 franguntur
930 2849 961 2911 in
986 2855 1056 2913 arto

194 2963 332 3028 concreti
356 2968 480 3025 montes
503 2961 683 3026 nimborum
707 2969 738 3026 et
760 2962 918 3043 grandine
941 2934 1049 3027 mixti.

81 3124 88 3146 .
120 3100 169 3147 rso
234 3078 462 3169 Qissffls
480 3077 581 3141 nubes
603 3077 688 3162 ignis
712 3099 780 3142 oum
805 3079 929 3143 semina
951 3080 1051 3143 multa

195 3212 367 3260 excussere
390 3213 447 3256 suo
472 3213 646 3276 concursu,
665 3213 723 3257 ceu
744 3193 886 3277 lapidem
909 3195 937 3258 si

193 3309 350 3397 percutiat
371 3308 457 3394 lapis
480 3315 535 3372 aut
556 3309 672 3372 ferrum
687 3334 693 3372 :
710 3330 784 3372 nam
807 3315 872 3372 tum
896 3329 1023 3391 quoque
1045 3309 1152 3374 lumen

194 3426 284 3493 exilit
304 3431 336 3489 et
358 3416 463 3490 claras
486 3424 641 3488 scintillas
663 3407 799 3506 dissipat
821 3424 925 3506 ignis.

194 3544 250 3610 sed
273 3543 422 3607 tonitrum
445 3540 480 3603 iit
501 3540 547 3603 uti
569 3546 642 3624 post
665 3540 794 3603 auribus
818 3539 1034 3623 accipiamus,

118 3682 166 3728 ros
192 3659 316 3743 fulgere
340 3678 434 3740 quam
458 3662 589 3722 cernant
613 3655 715 3738 oculi,
733 3654 810 3736 quia
832 3674 958 3738 semper
980 3655 1022 3718 ad
1045 3653 1132 3718 auris

193 3775 313 3841 tardius
337 3773 509 3839 adveniunt
532 3792 627 3854 quam
650 3771 752 3835 visum
776 3790 859 3853 quae
882 3775 1031 3835 moveant
1052 3789 1125 3835 res.

190 3961 365 3968 —.-—-—-..-.
384 3962 392 3966 ,

195 4083 241 4128 141
263 4080 365 4127 volvens
390 4074 403 4143 Η
431 4079 479 4124 144
499 4084 567 4124 uest.
593 4075 606 4143 Η
633 4079 681 4124 145
702 4076 744 4124 Fit
765 4070 780 4141 11
807 4075 855 4122 149
874 4082 977 4137 propter
1001 4073 1014 4140 ll
1043 4075 1089 4122 151
1111 4073 1223 4136 ingentis
1243 4074 1256 4139 j,
1276 4088 1315 4121 re·

193 4177 281 4217 cente.
303 4162 317 4233 Η
339 4168 387 4215 153
408 4166 493 4212 Turne
514 4159 527 4231 ll
550 4166 599 4212 154
617 4165 669 4213 vita
689 4160 702 4231 Η
726 4166 773 4211 155
793 4164 904 4211 sonitum
924 4159 937 4229 ll
960 4165 1008 4210 158
1027 4172 1126 4210 artum.
1149 4160 1161 4227 ll
1186 4163 1234 4210 lca
1254 4161 1316 4210 Per·

191 4256 276 4305 cuciat
296 4250 309 4320 Η
332 4256 380 4302 165
400 4253 499 4315 Fugere
