2744 4658
110 162 183 280 Ι80
551 307 557 317 ⁶
679 208 723 272 IlI

140 385 275 465 apparet
298 379 405 445 divum
426 398 542 444 numen
566 378 725 461 sedesque
748 380 896 461 quietae,

141 515 220 577 quas
243 514 349 576 noque
372 493 554 561 concutiunt
576 493 661 557 venti
684 514 744 560 neo
765 495 876 560 nubila
898 494 1014 560 nimbis

83 630 116 676 ao
141 616 315 692 aspergunt
336 631 441 692 neque
463 609 518 673 nin
541 608 606 673 aori
628 614 775 674 eonoreta
796 609 912 692 pruina

142 743 223 789 nana
246 723 362 790 uadens
384 724 483 788 violat
505 742 693 806 semperque
715 724 877 816 innubilus
898 724 1010 789 aether

141 839 275 920 integit,
293 844 324 903 et
345 838 434 921 large
456 838 572 903 diffuso
595 837 715 902 lumine
738 838 865 903 rident:

142 953 250 1019 omnia
272 953 455 1038 suppeditat
476 975 571 1038 porro
594 959 728 1029 natura,
751 972 857 1034 neque
880 953 946 1017 ulla

142 1087 195 1134 res
218 1069 316 1132 animi
339 1089 450 1153 paoem
474 1068 593 1134 delibat
616 1074 758 1150 tempore
781 1068 812 1131 in
836 1068 922 1133 ullo.

86 1202 119 1250 as
145 1188 179 1247 at
200 1191 310 1249 eontra
332 1205 487 1267 nusquam
511 1191 668 1269 apparent
691 1183 865 1249 Acherusia
888 1184 1028 1266 templa,

145 1319 204 1364 nee
227 1301 321 1366 tellus
343 1303 449 1367 obstat
471 1302 547 1384 quin
570 1301 675 1366 omnia
702 1298 932 1384 dispiciantur,

145 1415 203 1480 sub
225 1416 360 1500 pedibus
384 1436 466 1498 quae
489 1436 623 1498 eumque
645 1414 729 1480 infra
750 1435 808 1500 per
830 1414 927 1480 inane
948 1420 1121 1498 geruntur.

146 1529 194 1593 his
216 1529 261 1594 ibi
284 1550 333 1593 me
358 1529 453 1595 rebus
477 1531 636 1612 quaedam
660 1531 767 1595 divina
790 1531 938 1615 voluptas

145 1644 281 1728 percipit
302 1645 407 1726 adque
430 1645 561 1754 norror,
579 1646 664 1727 quod
687 1645 733 1710 sio
756 1649 868 1709 natura
891 1650 946 1708 tua
968 1644 1001 1708 vi

90 1778 123 1825 ao
147 1766 209 1822 lam
234 1758 403 1824 manifesta
424 1766 540 1844 patens
564 1781 602 1824 ex
624 1761 712 1826 omni
734 1764 824 1844 parte
846 1763 966 1823 retenta
988 1764 1056 1824 est.

186 1875 226 1938 Et
249 1876 399 1957 quoniam
421 1875 535 1960 dooui,
552 1882 733 1941 eunotarum
756 1873 889 1940 exordia
909 1893 1014 1938 rerum

149 1990 259 2071 qualia
281 1991 345 2055 sint
367 1998 398 2056 et
421 2011 514 2073 quam
537 1991 635 2056 variis
657 1989 810 2056 distantia
832 1987 944 2053 formis

149 2111 263 2189 sponte
286 2125 344 2171 sua
366 2105 497 2170 volitent
519 2111 650 2171 aeterno
673 2105 795 2188 percita
817 2110 925 2180 motu,

149 2240 251 2301 quove
273 2220 369 2284 modo
392 2220 515 2305 possint
538 2239 588 2285 ros
611 2239 650 2283 en
672 2221 721 2285 his
745 2237 890 2302 quaeque
912 2217 1034 2294 ornari,

92 2355 125 2402 as
151 2336 246 2400 lrasoe
270 2335 442 2400 seeundum
465 2354 516 2399 res
539 2335 634 2399 animi
658 2340 771 2399 natura
793 2332 915 2397 videtur

150 2455 245 2531 atque
267 2450 392 2515 animae
415 2447 568 2513 claranda
590 2449 668 2516 meis
690 2451 756 2515 iam
778 2451 923 2515 versibus
946 2466 1039 2531 esse,

150 2570 182 2630 et
203 2570 306 2628 metus
327 2564 383 2629 ille
405 2564 492 2629 foras
513 2585 668 2650 praeceps
693 2565 881 2631 Acheruntis
903 2560 1067 2646 agendus,

150 2678 291 2744 funditus
313 2663 481 2744 humanam
506 2679 559 2761 qui
582 2679 679 2743 vitam
701 2681 807 2744 turbat
829 2681 870 2744 ab
893 2679 978 2754 imo,

152 2793 260 2858 omnia
283 2794 469 2860 suffundens
490 2794 598 2859 mortis
620 2794 770 2875 nigrore,
786 2813 890 2875 neque
913 2792 1011 2857 ullam

93 2928 127 2974 ro
152 2928 222 2974 esse
244 2910 438 2993 voluptatem
461 2908 615 2990 liquidam
638 2928 811 2992 puramque
833 2907 1002 2989 relinquit.

150 3045 223 3088 nam
248 3023 335 3106 quod
355 3041 455 3106 saepe
477 3021 621 3087 homines
645 3024 773 3088 morbos
794 3022 900 3104 magis
924 3040 995 3086 esse
1014 3017 1173 3085 timendos

152 3128 368 3219 infamemque
389 3135 495 3201 ferunt
517 3137 615 3202 vitam
638 3157 733 3220 qnam
755 3141 893 3202 Tartara
914 3135 988 3219 leti,

154 3259 241 3318 etse
264 3251 345 3316 seire
367 3251 494 3317 animae
516 3261 661 3317 naturam
684 3251 850 3335 sanguinis
877 3270 969 3327 esse,

96 3388 129 3434 ro
155 3372 211 3431 aut
233 3367 327 3431 etiam
349 3368 455 3452 venti,
473 3368 500 3432 si
522 3367 582 3431 sert
603 3367 648 3431 ita
670 3366 753 3431 forte
775 3368 944 3448 voluntas,

97 3504 130 3549 44
155 3488 214 3546 ne'o
236 3502 363 3564 prosum
388 3483 556 3564 quiequam
578 3486 708 3548 nostrae
729 3481 860 3546 rationis
883 3498 1001 3561 egere,
1035 3549 1038 3555 ,

155 3597 228 3660 hine
249 3595 324 3660 lieet
345 3597 494 3662 advertas
517 3596 657 3660 animum
681 3595 784 3677 magis
808 3593 916 3660 omnia
936 3591 1042 3656 laudis
1096 3641 1099 3647 .

99 3731 131 3777 47
157 3710 269 3776 iaetari
292 3729 388 3775 nausa
411 3733 508 3794 quam
532 3711 616 3794 quod
638 3731 690 3776 res
712 3711 784 3795 ipsa
806 3707 978 3793 probetur.

158 3832 300 3892 extorres
323 3825 409 3890 idem
430 3826 536 3911 patria
557 3826 717 3908 longeque
739 3823 839 3908 fugati

161 4096 192 4142 21
208 4108 305 4158 semper
326 4089 339 4161 ll
358 4095 390 4141 22
404 4092 485 4142 ridet.
506 4088 519 4159 ll
540 4095 573 4142 28
592 4091 635 4141 ubi
656 4087 669 4159 Η
691 4078 722 4141 2⁸9
742 4091 876 4164 signatura
894 4085 908 4157 ΙΙ
928 4090 961 4138 33
981 4087 1077 4137 alterno
1098 4082 1112 4154 ll
1133 4087 1166 4134 39
1185 4083 1282 4134 suffun-

162 4181 225 4230 dans
245 4179 310 4251 1147
331 4196 433 4230 earusam
