2678 4658
120 252 158 316 16
651 248 693 319 .·1-

655 347 748 397 ,μὴ

98 428 190 484 ‘esse
213 417 246 482 in
269 418 364 482 rebus
386 419 482 483 inane
504 386 759 501 assentatoriis
781 428 965 487 necessest.

44 555 95 601 roo
117 534 280 615 multaque
302 540 468 618 praeterea
488 518 547 601 titii
567 553 698 619 possum
724 535 1001 601 commemorando

118 636 308 732 argumenta
330 649 424 712 iidem
447 630 739 715 didtideonradere
763 651 898 716 nostris.

118 784 226 828 verum
249 764 355 827 aninro
379 762 456 828 satis
478 763 560 828 haee
582 764 717 846 vestigia
739 786 840 849 parva
863 767 977 848 sagaci
1043 754 1046 760 ¹

117 885 209 954 sunt,
232 897 290 962 per
313 897 397 959 quae
419 878 525 961 possis
549 899 744 962 eognoseere
768 886 873 944 uetera
894 887 981 945 tute:

116 1011 255 1074 namque
277 1012 374 1056 oanes
397 998 431 1055 ut
452 993 658 1076 montivagae
683 1013 839 1077 persaepe
862 994 942 1059 ferai

44 1129 94 1173 roo
117 1108 248 1172 naribus
271 1106 436 1171 inveniunt
457 1107 590 1172 inteetas
614 1108 725 1173 fronde
750 1109 893 1191 quietes,

117 1243 187 1287 oum
210 1222 310 1287 semel
332 1222 511 1286 institerunt
532 1224 669 1306 vestigia
693 1232 781 1289 eerta
803 1225 888 1308 viai,

118 1337 163 1401 sie
186 1337 253 1402 alid
273 1357 312 1401 ex
335 1337 400 1403 alio
423 1358 479 1421 per
502 1344 533 1401 te
556 1344 621 1402 tute
643 1341 713 1423 ipse
736 1339 844 1404 videre

117 1452 235 1517 talibus
256 1452 289 1515 in
313 1452 407 1516 rebus
429 1452 549 1534 poteris
573 1473 755 1534 eaeeasque
779 1454 920 1519 latebras

117 1566 279 1632 insinuare
302 1567 404 1631 omnis
427 1574 459 1631 et
481 1587 589 1631 verum
613 1567 799 1651 protrahere
821 1567 918 1632 inde.

45 1703 96 1748 tro
119 1681 204 1763 quod
226 1681 253 1745 si
274 1681 413 1765 pigraris
436 1682 605 1765 paulumve
628 1682 798 1747 reeesseris
820 1681 861 1744 ab
884 1701 939 1765 re,

118 1795 180 1859 hoe
201 1795 258 1859 tibi
281 1796 321 1861 de
344 1798 441 1881 plano
464 1817 594 1880 possum
616 1797 820 1881 promittere,
844 1797 991 1860 Memmi:

118 1930 219 1993 usque
242 1911 323 1976 adeo
346 1912 455 1996 largos
477 1911 609 1977 haustus
633 1934 651 1977 e
673 1911 804 1977 fontibu'
825 1912 950 1993 magnis

120 2028 230 2107 lingua
252 2047 324 2092 meu
347 2029 454 2092 suavis
477 2028 534 2091 diti
558 2027 597 2091 de
620 2034 750 2111 pectore
776 2026 904 2110 fundet,

80 2202 83 2207 .
118 2148 152 2205 ut
174 2162 288 2207 verear
311 2162 351 2206 ne
373 2141 465 2206 tarda
488 2143 575 2226 prius
599 2161 656 2225 per
678 2143 823 2206 membra
847 2149 992 2207 senectus

47 2278 97 2324 415
120 2262 228 2340 serpat
252 2263 283 2321 et
304 2257 336 2319 in
361 2256 452 2320 uobis
475 2257 550 2323 vitei
574 2257 714 2321 claustra
737 2258 897 2340 resolvat,

121 2392 218 2454 quam
240 2371 295 2436 tibi
320 2372 359 2435 de
383 2371 496 2451 quavis
520 2392 640 2436 unare
663 2373 808 2436 versibus
835 2372 938 2436 omnis
1036 2386 1039 2401 ¹

121 2491 378 2568 argumentorum
402 2486 441 2550 sit
464 2485 556 2570 eopia
580 2486 756 2570 missaper
779 2487 885 2551 auris.

165 2601 230 2666 Sed
252 2621 336 2665 nune
357 2606 391 2664 ut
414 2609 555 2685 repetam
579 2608 725 2685 eoeptum
748 2608 914 2684 pertexere
938 2601 1048 2681 dietis,

123 2716 245 2792 omnis,
269 2722 302 2779 ut
325 2721 390 2792 est,
413 2717 509 2798 igitur
531 2736 589 2801 per
612 2737 647 2780 se
670 2722 785 2778 natura
813 2713 936 2776 duabus

50 2853 101 2899 rao
125 2831 265 2896 constitit
287 2832 320 2895 in
343 2831 458 2896 rebus:
479 2851 554 2921 nam
576 2846 710 2911 eorpora
733 2830 824 2906 sunt,
850 2830 880 2888 et
903 2825 1018 2898 inane,

122 2947 202 3011 haee
224 2948 256 3010 in
281 2966 342 3027 quo
367 2945 427 3008 sita
449 2949 521 3007 sunt
544 2947 574 3005 et
597 2960 660 3020 qua
682 2939 809 3004 diversa
830 2946 1015 3004 moventur.

124 3081 238 3144 eorpus
261 3060 343 3122 enim
366 3076 423 3139 per
447 3077 482 3120 se
504 3055 679 3119 eommunis
701 3055 831 3119 dedicat
852 3075 924 3120 esse

124 3194 255 3249 sensus;
280 3171 329 3236 eui
352 3170 412 3234 nisi
436 3171 540 3253 prima
563 3170 644 3234 tides
666 3168 799 3234 fundata
819 3170 959 3253 valebit,

125 3289 202 3351 haut
223 3285 281 3349 erit
303 3286 432 3350 occultis
455 3286 494 3350 de
518 3286 613 3350 rebus
637 3304 699 3365 quo
723 3284 896 3349 referentes
946 3324 948 3328 2

52 3425 102 3470 rae
125 3402 313 3467 confirmare
336 3400 435 3464 animi
459 3400 627 3482 quiequam
651 3401 775 3463 ratione
799 3417 972 3479 queamus.

123 3524 188 3580 tum
211 3535 306 3600 porro
329 3515 419 3580 loeus
442 3535 480 3579 ae
503 3513 774 3598 spatiun1‚'quod
795 3513 890 3576 inane
913 3530 1084 3587 vesanius,

127 3631 152 3694 si
175 3631 296 3693 nullum
320 3629 421 3704 foret,
445 3630 522 3693 haut
544 3649 679 3710 usquam
703 3628 763 3692 sita
786 3647 921 3710 eorpora
942 3627 1075 3709 possent

127 3765 196 3810 esse
219 3763 323 3826 neque
345 3745 472 3807 omnino
497 3764 655 3825 quoquam
678 3742 804 3806 diversa
827 3760 956 3819 meare;

127 3860 159 3922 id
183 3860 267 3941 quod
291 3860 354 3923 iam
378 3877 494 3941 supera
516 3858 574 3922 tibi
597 3859 693 3942 paulo
717 3858 913 3921 ostendimus
937 3860 1033 3919 ante.

55 3994 107 4040 rao
128 3980 296 4058 praeterea
318 3975 363 4038 nil
387 3973 542 4055 estquod
565 3973 669 4056 possis
692 3971 799 4036 dicere
822 3972 862 4034 ab
887 3970 971 4033 omni
1041 4012 1044 4017 -

129 4133 330 4140 ----—-.-.—.-.

131 4222 181 4267 404
201 4218 299 4266 ferare.
321 4213 333 4283 ii
354 4220 402 4264 411
424 4226 501 4279 ptauo
522 4214 535 4283 Η
555 4219 605 4264 412
625 4230 746 4277 magnes.
767 4212 780 4279 Η
800 4216 851 4260 414
872 4227 944 4259 urear
