2744 4658
159 210 223 275 220
699 204 742 267 VI

160 400 256 463 quam
280 376 351 442 oum
374 376 519 461 discidit,
536 377 609 441 hino
633 375 849 461 prorumpitur
870 375 903 440 in
926 396 1016 441 mare
1040 376 1125 441 venti

158 494 208 558 vis
231 502 262 557 et
284 493 442 557 fervorem
465 494 577 557 mirum
602 493 772 557 concinnat
794 491 827 553 in
850 491 965 555 undis:

160 607 384 674 versabundus
407 608 492 672 enirn
513 607 605 671 turbo
629 606 795 671 descendit
816 612 848 670 et
869 607 958 671 illam

160 723 289 788 deducit
312 710 430 806 pariffir
453 724 538 788 lento
562 743 633 786 cum
658 741 793 805 corpore
815 723 954 803 nubem;

83 859 135 906 440
162 858 257 920 quam
281 839 374 902 simui
398 858 436 901 ac
458 838 624 922 gravidam
649 837 782 900 detrusit
804 841 845 904 ad
870 859 1014 921 aequora
1028 835 1146 923 ponti,

160 953 215 1019 iile
238 955 269 1016 in
293 974 409 1035 aquam
433 954 536 1017 subito
560 959 659 1016 totum
683 973 718 1018 se
740 956 866 1019 inmittit
889 963 920 1019 et
943 973 1036 1019 omne

161 1069 280 1133 excitat
302 1069 424 1154 ingenti
448 1068 553 1134 sonitu
577 1087 663 1132 mare
686 1068 811 1134 fervere
835 1090 974 1155 cogens.

114 1199 117 1203 ’
160 1184 194 1248 fit
217 1205 344 1266 quoque
370 1192 404 1247 ut
425 1185 566 1249 involvat
588 1186 672 1249 venti
696 1205 731 1250 se
756 1186 891 1250 nubibus
913 1187 981 1269 ipse

160 1307 286 1383 vertar,
304 1301 484 1365 conradens
508 1321 547 1363 ex
571 1308 645 1365 a'e're
668 1301 790 1364 semina
813 1301 926 1384 nubis,

84 1436 135 1482 445
162 1421 194 1478 et
217 1416 306 1495 quasi
330 1416 500 1480 demissum
524 1417 615 1480 caelo
639 1405 784 1499 prestera
805 1416 962 1481 imitetur:

161 1529 211 1593 hio
234 1531 286 1592 ubi
311 1551 345 1595 se
368 1530 402 1592 in
426 1541 527 1595 terras
552 1531 679 1596 demisit
701 1532 934 1614 meminitque,

160 1645 294 1709 turbinis
316 1647 476 1709 inmanem
501 1647 562 1709 vim
587 1645 744 1728 provomit
766 1653 863 1725 atque
886 1645 1069 1728 procellae.

159 1759 216 1824 sed
240 1763 316 1842 quia
339 1761 373 1824 fit
395 1782 468 1827 raro
493 1761 824 1841 omninomrontisque
847 1766 1011 1825 necessest

160 1875 286 1940 officere
310 1877 341 1938 in
365 1877 475 1960 terrie,
493 1883 629 1960 apparet
651 1874 791 1940 crebrius
814 1875 898 1939 idem

86 2011 137 2057 450
162 1998 330 2074 prospectu
356 1993 451 2055 maris
472 1993 504 2055 in
528 2011 644 2073 magno
668 1992 820 2073 caeloque
844 1991 984 2074 patenti.

198 2106 321 2199 Qua
340 2115 567 2183 concrescunt,
583 2107 638 2169 ubi
662 2126 797 2188 corpora
820 2106 920 2169 multa
942 2105 1081 2171 volando

159 2220 219 2284 hoc
242 2242 358 2304 supero
381 2223 414 2285 in
438 2223 518 2286 caeli
541 2223 646 2305 spatio
670 2230 775 2285 coiere
798 2227 940 2303 repente·

159 2337 348 2419 asperiora,
364 2337 462 2402 moris
485 2356 569 2418 quae
592 2337 716 2421 possint
738 2336 926 2420 indupedita

160 2451 287 2531 exiguis
311 2458 418 2516 tamen
441 2453 522 2518 inter
546 2471 581 2517 se
604 2472 794 2537 comprensa
817 2453 937 2518 teneri.

84 2584 135 2631 455
161 2565 242 2631 haec
264 2566 384 2632 faciunt
408 2568 543 2651 primum
566 2590 683 2653 parvas
707 2570 881 2634 consistere
905 2569 1026 2634 nubes:

162 2680 237 2745 inde
259 2683 340 2749 haec
363 2687 594 2770 comprendunt
616 2686 699 2748 inter
722 2704 756 2749 se
780 2704 903 2766 conque
926 2689 1102 2769 gregantur

161 2803 192 2862 et
214 2799 436 2881 coniungendo
461 2808 608 2866 crescunt
631 2800 797 2880 ventisque
820 2799 965 2863 feruntur

163 2934 265 2996 usque
288 2917 370 2980 adeo
396 2915 496 2980 donec
518 2921 693 2999 tempestas
716 2935 813 2980 saeva
836 2921 995 2979 coortast.

161 3031 196 3096 fit
219 3051 346 3113 quoque
368 3031 414 3093 uti
438 3030 552 3095 orontis
575 3030 680 3094 vicina
704 3030 869 3094 eacumina
891 3031 983 3095 caelo

87 3167 138 3214 460
164 3167 259 3229 quam
281 3147 344 3211 sint
366 3165 493 3227 quoque
516 3146 640 3229 magis,
657 3152 743 3210 tanto
770 3146 872 3230 magis
896 3146 982 3210 edita
1003 3145 1127 3212 fument

161 3260 294 3324 adsidue
316 3261 426 3325 furvae
449 3263 543 3326 nubis
568 3261 704 3344 ealigine
728 3280 838 3325 crassa

163 3384 334 3461 propterea
357 3379 451 3459 quia,
468 3399 538 3442 curn
562 3377 739 3442 consistunt
762 3377 870 3440 nubila
894 3377 1051 3461 primum,

164 3499 241 3557 ante
265 3494 372 3558 videre
396 3494 479 3559 oculi
502 3513 596 3574 quam
620 3493 765 3575 possint,
781 3492 908 3575 tenvia,
925 3492 1010 3556 renti

163 3615 327 3693 portantes
350 3616 467 3694 cogunt
489 3610 533 3675 ad
556 3630 680 3675 summa
699 3608 868 3673 cacumina
892 3607 1027 3673 montis:

90 3744 140 3793 405
166 3724 217 3790 hic
241 3725 368 3790 demum
390 3725 425 3790 fit
446 3726 492 3789 uti
514 3726 608 3791 turba
631 3725 752 3791 maiore
775 3730 886 3788 coorta

1248 486 1260 519 ξ

164 3910 365 3918 ---

168 4010 218 4080 436
237 4039 312 4080 rent.
338 4029 351 4099 Η
379 4032 429 4078 440
449 4010 542 4080 detruit
567 4028 580 4098 Η
605 4034 657 4080 444
675 4030 727 4080 aeri
755 4028 767 4096 Η
793 4033 843 4078 447
864 4028 1003 4092 procellat.
1029 4025 1041 4093 Η
1067 4029 1117 4077 449
1138 4026 1262 4078 officeret
1282 4025 1296 4096 Η

167 4121 218 4168 452
238 4133 312 4182 super
337 4114 352 4185 Η
375 4117 446 4166 coire
471 4115 483 4184 Η
503 4119 554 4167 453
573 4119 656 4168 modis
677 4118 689 4185 Η
710 4121 762 4168 454
782 4132 925 4181 compressa
945 4112 958 4183 Η
979 4116 1029 4166 456
1049 4129 1079 4165 ea
1105 4112 1117 4182 Η
1138 4117 1188 4164 461
1210 4114 1298 4165 fulvae

168 4206 247 4256 nubes
269 4202 281 4274 Η
302 4208 353 4256 465
370 4219 453 4254 mmor
