2744 4658
709 221 754 285 lll

163 391 317 457 inbecilla
338 390 449 469 foras,
465 391 498 455 in
519 397 653 476 aperto,
668 389 810 472 tegmine
834 389 984 474 dempto,

88 528 138 576 666
164 527 231 572 non
253 506 349 578 modo
373 526 437 570 non
460 525 586 571 omnem
608 507 709 590 possit
731 505 848 570 durare
871 525 930 590 per
951 525 1084 585 aevom,

164 622 224 689 sed
246 622 410 687 minimum
433 619 568 705 quodvis
590 627 732 703 nequeat
753 622 926 687 consistere
949 621 1101 707 tempus?

163 758 224 805 nee
246 738 307 805 sibi
331 737 416 803 enim
439 734 605 819 quisquam
628 736 768 803 moriens
790 738 907 803 sentire
930 736 1056 802 videtur

165 853 214 920 ire
235 851 323 918 foras
346 852 486 917 animam
508 850 699 922 incolumem
723 851 763 917 de
785 850 919 939 corpore
940 858 1027 930 toto,

163 989 226 1036 nec
246 968 335 1054 prius
357 968 400 1033 ad
421 967 564 1050 iugulum
587 972 618 1032 et
637 987 754 1052 supera
776 967 949 1034 succedere
972 969 1102 1054 fauces,

84 1107 137 1155 610
163 1105 277 1152 verum
300 1080 436 1147 deficere
457 1082 490 1146 in
513 1087 602 1148 certa
624 1083 757 1165 regione
780 1083 938 1165 locatam3

162 1207 200 1265 ut
221 1218 335 1266 sensns
357 1197 438 1263 alios
460 1196 493 1261 in
516 1198 598 1281 parti
621 1219 779 1282 quemque
803 1219 862 1264 sua
885 1200 945 1265 soit

165 1314 321 1381 dissolui.
339 1312 424 1396 quod
446 1312 474 1378 si
496 1313 674 1379 inmortalis
696 1321 807 1380 nostra
828 1314 910 1380 foret
933 1333 1044 1393 mens,

164 1451 231 1525 non
252 1436 317 1495 tarn
340 1448 376 1495 se
397 1428 538 1493 moriens
561 1427 693 1493 dissolvi
718 1434 982 1513 conquereretur,

163 1543 222 1612 sed
244 1543 349 1627 magis
371 1543 419 1609 ire
442 1544 531 1608 foras
553 1550 738 1626 vestemque
760 1545 1010 1631 relinque1·e,ut
1031 1547 1166 1630 anguis.

81 1681 137 1730 666
208 1659 357 1741 Denique
380 1678 437 1725 cur
457 1659 556 1724 animi
578 1680 751 1742 numquam
774 1679 863 1724 mens
887 1659 1118 1744 consiliumque

165 1773 303 1860 gignitur
323 1774 357 1838 in
380 1774 486 1859 capite
510 1781 565 1839 aut
586 1774 724 1859 pedibus
748 1775 956 1859 manibusve,
974 1777 1032 1842 sed
1054 1778 1126 1843 unis

168 1889 298 1955 sedibus
320 1895 353 1955 et
375 1892 470 1955 certis
492 1890 667 1974 regionibu’
688 1891 827 1974 pectoris
849 1891 981 1968 haeret,

167 2004 193 2072 si
215 2025 279 2071 non
301 2010 389 2072 certa
410 2005 484 2070 loca
507 2004 547 2068 ad
570 2005 767 2071 nascendum
788 2005 916 2071 reddita
939 2007 1054 2090 cuique

165 2126 257 2205 sunt,
274 2126 306 2185 et
327 2120 383 2185 ubi
406 2120 557 2203 quiequid
579 2121 682 2205 possit
704 2121 818 2186 durare
842 2127 984 2188 creatum

81 2257 139 2307 666
164 2242 262 2320 atque
283 2237 330 2301 ita
351 2235 546 2300 multimodis
569 2235 721 2320 perfectis
744 2238 877 2302 artubus
898 2257 990 2321 esse,

165 2351 379 2418 membrorum
400 2356 435 2414 ut
456 2370 629 2433 numquam
652 2352 770 2416 existat
790 2361 1015 2437 praeposterus
1039 2352 1145 2419 ordo?

166 2466 374 2549 usqueadeo
398 2466 540 2548 sequitur
562 2486 613 2530 res
636 2488 724 2551 rem,
740 2488 845 2551 neque
868 2468 998 2534 flamma
1021 2469 1124 2536 creari

165 2581 349 2647 fluminibus
372 2581 496 2646 solitast
518 2600 622 2661 neque
645 2581 679 2644 in
700 2582 767 2663 igni
789 2583 914 2664 gignier·
937 2585 1050 2668 algor.

207 2699 382 2763 Praeterea
404 2696 432 2761 si
454 2695 633 2760 inmortalis
655 2703 770 2760 natura
792 2696 942 2760 animaist

82 2834 140 2884 666
166 2819 200 2878 et
221 2810 338 2878 sentire
360 2817 466 2894 potest
488 2816 612 2877 secreta
635 2831 656 2875 a
680 2831 811 2895 corpore
834 2817 963 2888 nostro,

166 2927 327 3011 quinque,
344 2931 378 2989 ut
401 2925 534 3010 opinor,
553 2946 624 2990 eam
647 2925 832 2990 faciundum
856 2932 905 2991 est
927 2924 1074 2992 sensibus
1095 2933 1242 2993 auctam.

166 3063 226 3108 nec
248 3040 370 3105 ratione
393 3040 460 3104 alia
482 3046 607 3104 nosmet
628 3060 807 3124 proponere
831 3041 922 3104 nobis

166 3175 334 3240 possumus
356 3154 500 3220 infernas
523 3156 650 3219 aninras
671 3155 853 3219 Acherunte
876 3155 1008 3237 vagari.

166 3270 304 3354 pictores
327 3269 436 3352 itaque
460 3277 491 3334 et
513 3269 700 3353 scriptorum
723 3270 832 3335 saecla
854 3269 963 3353 priora

86 3404 143 3453 666
168 3384 215 3449 616
236 3384 362 3450 animas
384 3384 467 3450 intro
491 3384 648 3448 duxerunt
670 3384 819 3450 sensibus
842 3393 973 3450 auctas.
1064 3444 1069 3453 .

167 3506 200 3563 at
220 3518 326 3583 neque
349 3520 472 3575 sorsum
496 3499 579 3564 oculi
602 3518 705 3581 neque
728 3518 821 3564 nares
844 3521 904 3565 nce
926 3521 1041 3565 manus
1063 3502 1134 3585 ipsa

167 3635 238 3682 6666
260 3620 366 3700 potest
388 3616 536 3698 aninrae,
553 3635 657 3696 neque
681 3634 806 3680 sorsum
831 3613 940 3698 lingua
963 3635 1067 3696 neque
1088 3634 1203 3681 aures:

166 3727 255 3793 haud
276 3729 373 3811 igitur
394 3750 452 3815 per
473 3749 508 3795 66
531 3736 664 3814 possunt
686 3728 803 3793 sentire
824 3749 929 3810 neque
952 3750 1043 3796 esse.

168 3910 371 3920 -—.---..-..

171 4032 221 4079 612
240 4030 388 4081 inmortales
412 4029 425 4098 ΙΙ
451 4034 500 4082 617
521 4032 638 4082 omnibus
665 4030 678 4100 ll
705 4033 754 4082 618
773 4031 855 4080 redita
880 4028 893 4099 ll
918 4036 968 4082 626
987 4044 1013 4084 ta
1036 4031 1049 4102 {l
1073 4033 1178 4098 pertotis
1203 4030 1216 4103 ΙΙ
1241 4035 1291 4084 623

170 4117 247 4167 solita
270 4132 353 4179 neque
378 4118 472 4182 insigni
498 4116 511 4187 Η
537 4122 587 4167 624
605 4120 720 4168 mortalis
746 4116 759 4187 ΙΙ
785 4120 923 4169 animaest.
948 4117 961 4189 Η
987 4125 1036 4171 626
1056 4130 1176 4170 auctum.
1202 4120 1215 4189 Η
1241 4123 1291 4170 628

170 4219 279 4254 vacere.
299 4202 313 4276 Η
335 4207 385 4254 632
404 4205 490 4254 anima
510 4202 524 4273 ll
545 4208 594 4255 633
610 4208 739 4271 §unitum

1042 4303 1089 4379 7*
