2744 4658
154 218 215 283 114
688 215 733 281 ΙΙΙ

193 387 340 468 Denique
361 391 448 451 000οο
471 407 567 472 opere
588 387 622 452 in
644 387 750 452 dubiis
772 387 934 472 trepidare
956 388 1085 471 petiolis

151 520 233 582 quae
256 502 342 567 mala
365 522 424 567 nos
446 502 565 584 subigit
585 502 661 568 vitai
684 509 773 568 tanta
795 502 939 588 cupido?

150 622 235 681 certa
258 617 386 698 quidemr
407 616 479 682 finis
500 618 588 682 ritae
611 619 795 684 mortalibus
817 619 945 701 adstat,

151 753 210 798 neo
232 731 367 797 devitari
389 733 486 797 letum
507 739 601 816 pote,
619 732 695 814 quin
719 736 893 798 obeamus.

66 869 133 917 roso
150 855 318 932 praeterea
340 866 505 913 versamur
527 848 644 912 ibidem
667 854 762 928 atque
784 849 927 914 insumus
949 868 1070 930 usque,

149 985 210 1029 nee
231 984 315 1027 nova
335 962 471 1027 vivendo
492 961 676 1045 procuditur
697 964 765 1028 ulla
787 964 954 1046 voluptas:

150 1079 205 1146 sed
230 1077 304 1142 dum
327 1078 420 1142 abest
441 1076 525 1158 quod
548 1096 699 1154 avemus,
715 1077 748 1141 id
771 1097 967 1162 exsuperare
989 1078 1114 1142 videtur

150 1202 274 1260 cetera:
291 1199 364 1277 post
385 1192 483 1270 aliut,
500 1211 571 1257 eum
594 1193 725 1276 contigit
746 1191 846 1275 illud,
863 1211 1015 1268 avemus,

150 1316 181 1375 et
203 1308 272 1374 sitis
294 1327 399 1389 aequa
420 1312 508 1372 tenet
528 1307 606 1371 vitei
628 1327 756 1392 semper
776 1306 914 1372 biantis.

67 1447 133 1495 1085
149 1430 341 1510 posteraque
363 1423 396 1485 in
419 1422 548 1487 dubiost
569 1421 729 1488 fortunam
753 1444 846 1504 quam
870 1421 966 1488 vehat
988 1427 1099 1498 00000,

150 1538 264 1623 quidve
287 1537 370 1601 ferat
392 1537 486 1601 nobis
508 1557 601 1601 ossus
625 1539 718 1620 quive
741 1539 843 1602 exitus
867 1539 981 1602 instet.

149 1673 209 1718 neo
231 1673 377 1736 prorsum
399 1652 497 1716 vitam
520 1650 666 1717 ducendo
690 1652 845 1716 demimus
867 1652 965 1717 hilum

149 1775 291 1852 tempore
314 1768 355 1832 de
379 1768 490 1831 mortis
512 1787 572 1831 nee
595 1768 738 1832 delibare
762 1767 926 1851 valemus,

149 1903 211 1964 quo
234 1883 338 1947 miuus
361 1902 431 1947 0000
455 1882 509 1945 diu
531 1883 691 1966 possimus
713 1881 797 1948 forte
819 1882 995 1967 perempti.

67 2017 133 2066 roeo
149 1996 282 2083 proinde
306 1997 379 2061 11000
402 1997 547 2078 quotvis
570 1997 706 2063 virendo
729 1997 868 2063 condere
892 1998 1019 2063 00001οε
1065 1989 1068 1993 ’

149 2133 235 2177 mors
258 2084 389 2176 aeterua
412 2118 518 2175 tamen
542 2111 606 2175 nilo
630 2112 733 2176 minus
755 2112 813 2177 illa
836 2113 997 2187 manebit,

150 2247 209 2293 nee
231 2227 333 2291 miuus
356 2228 410 2291 ille
434 2226 488 2291 diu
511 2225 575 2291 iam
599 2246 665 2290 nou
687 2226 766 2310 erit,
784 2246 824 2290 ex
848 2226 1003 2292 hodierno

148 2341 269 2405 iumine
293 2340 347 2421 qui
369 2340 462 2404 finem
486 2341 560 2404 vitai
584 2339 678 2418 feeit,
695 2347 725 2405 00
748 2342 823 2424 ille,

149 2455 312 2522 mensibus
335 2461 429 2536 atque
453 2455 545 2520 annis
569 2456 624 2537 qui
645 2456 752 2521 multis
776 2457 894 2522 oceidit
914 2463 1009 2522 ante.

153 2703 220 2773 1010Ι
239 2723 312 2774 Certe
331 2725 447 2787 equidem
467 2721 481 2791 Η
503 2725 696 2774 1004100000.
720 2726 733 2793 Η
760 2729 826 2775 1085
846 2727 948 2774 fortuna
972 2723 986 2792 ΙΙ
1012 2726 1078 2774 1088
1097 2725 1238 2774 deliberare
1257 2722 1272 2793 ΙΙ

154 2815 219 2862 1080
240 2829 371 2875 possumus
977 2837 983 2847 ·
