2744 4658
722 223 750 287 V

859 302 876 331 0

170 392 279 459 omnia
300 393 410 458 nativo
433 415 473 458 ac
497 395 621 459 mortali
644 415 778 479 corpore
801 400 966 480 constant,

168 507 266 574 debet
288 509 400 575 eodem
425 509 528 575 omnis
551 508 660 574 mundi
682 515 797 575 natura
819 510 943 594 putari.

86 645 143 691 240
169 623 288 708 quippe
311 624 450 709 etenim,
468 645 600 707 quorum
623 624 723 708 partis
746 631 777 690 et
799 626 942 691 membra
961 625 1107 694 videmus

168 757 302 822 corpore
325 739 433 804 native
457 760 495 805 ac
516 739 703 804 mortalibus
726 759 796 806 esse
819 739 949 822 figuris,

168 853 250 919 haec
273 853 387 920 eadem
409 854 509 920 ferme
531 853 680 919 mortalia
703 854 859 920 cernimus
883 875 954 922 esse

169 974 203 1034 et
224 968 332 1041 nativa
354 969 468 1034 simul.
486 989 551 1052 qua
573 975 702 1054 propter
724 969 864 1034 maxima
884 970 994 1034 mundi

130 1096 140 1111 ·
170 1103 242 1148 cum
263 1081 391 1148 videam
414 1084 556 1149 membra
578 1104 618 1149 ac
639 1083 740 1168 partis
763 1089 950 1167 consumpta
971 1086 1115 1170 regigni,

88 1219 143 1267 245
169 1197 254 1263 scire
275 1196 350 1263 licet
371 1198 453 1264 caeli
475 1218 602 1281 queque
623 1200 699 1264 item
722 1204 888 1279 terraeque
910 1197 1010 1265 fuisse

168 1311 359 1397 principiale
381 1312 511 1395 aliquod
532 1318 657 1397 tempus
681 1312 870 1395 clademque
892 1312 1050 1380 futuram.

207 1427 291 1492 Illud
315 1427 347 1491 in
369 1427 418 1493 his
441 1428 537 1493 rebus
558 1448 599 1491 ne
623 1428 813 1512 corripuisse
835 1428 935 1492 rearis

167 1561 221 1607 me
243 1540 340 1620 mihi,
358 1541 444 1624 quod
465 1549 585 1607 terram
606 1549 703 1625 atque
725 1543 832 1628 ignem
854 1542 1003 1609 mortalia
1023 1547 1146 1631 sumpsi

166 1676 262 1735 csse,
278 1676 383 1738 neque
406 1678 547 1722 umorem
571 1657 715 1724 dubitavi
738 1678 899 1741 aurasque
921 1660 1044 1742 perire,

89 1793 141 1842 aec
165 1778 263 1853 atque
286 1771 400 1837 eadem
423 1772 513 1853 gigni
536 1791 708 1854 rursusque
730 1793 904 1856 augescere
927 1773 1014 1853 dixi,

166 1886 323 1971 principio
346 1906 422 1970 pars
444 1888 541 1952 terrai
563 1907 628 1952 nen
650 1888 739 1952 nulla
753 1939 760 1966 ,
776 1894 907 1972 perusta

170 2002 290 2068 solibus
312 1993 475 2078 adsiduis,
493 2000 592 2065 multa
615 2001 741 2084 pulsata
762 2001 878 2086 pedum
900 2004 953 2089 vi,

167 2116 308 2203 pulveris
330 2115 461 2182 exhalat
482 2116 634 2181 nebulam
656 2118 820 2209 nubesque
843 2119 1002 2198 volantis,

165 2252 247 2316 quas
268 2231 370 2297 validi
391 2237 456 2296 t0t0
480 2231 669 2315 dispergunt
692 2217 768 2300 atre
790 2234 894 2300 venti.

85 2367 137 2417 255
165 2368 244 2433 pars
266 2346 361 2412 etiam
384 2346 551 2432 glebarum
574 2347 616 2412 ad
640 2347 791 2415 diluviem
814 2357 990 2416 revocatur

164 2463 342 2546 imbribus,
359 2467 390 2526 et
411 2461 499 2544 ripas
520 2461 668 2527 radentia
689 2463 820 2528 flumina
842 2466 978 2531 rodunt.

165 2582 337 2664 praeterea
358 2597 417 2661 pre
440 2582 530 2660 parte
553 2598 631 2653 sua,
649 2575 734 2660 quod
758 2596 891 2661 cumque
914 2580 981 2644 alid
990 2558 1121 2664 xxauget,

164 2692 326 2759 redditur:
344 2701 375 2758 ct
398 2692 548 2775 queniam
571 2691 668 2757 dubie
692 2692 803 2775 procul
826 2713 897 2759 esse
918 2694 1044 2760 videtur

167 2807 373 2893 omniparens
396 2808 508 2874 eadem
530 2827 637 2873 rerum
660 2827 826 2874 commune
850 2810 1050 2894 sepulcrum,

84 2946 139 2994 260
166 2943 243 3006 ergo
266 2929 351 2989 terra
373 2923 430 2988 tibi
452 2923 570 2988 libatur
593 2928 625 2987 et
647 2929 741 2987 ancta
763 2925 930 2990 recrescit.

205 3037 298 3116 Quod
320 3058 415 3122 super
437 3044 503 3120 est,
519 3057 629 3102 umore
653 3058 734 3103 nevo
757 3060 845 3104 marc
867 3040 999 3106 fiumina
1020 3041 1126 3108 fontes

166 3172 293 3238 semper
315 3154 478 3218 abundare
501 3159 533 3218 et
554 3153 666 3218 latices
689 3172 819 3218 manare
841 3156 994 3237 perennis

164 3269 211 3334 nil
233 3254 313 3354 opus
336 3274 385 3334 est
406 3268 532 3334 verbis:
548 3288 684 3351 magnus
707 3268 861 3334 decursus
883 3289 1037 3352 aquarum

165 3382 306 3465 undique
330 3383 492 3449 declarat.
508 3383 566 3448 sed
587 3382 723 3466 primum
748 3384 897 3466 quicquid
919 3387 1016 3466 aquai

86 3520 141 3568 265
166 3498 308 3582 tollitur,
324 3499 357 3563 in
379 3517 566 3580 summaque
587 3496 622 3561 fit
644 3502 678 3560 ut
699 3497 744 3561 nil
766 3519 859 3564 umor
880 3499 1041 3585 abundet,

166 3614 282 3698 partim
307 3613 391 3696 quod
413 3612 513 3680 validi
535 3618 697 3678 verrentes
719 3631 861 3695 aequora
883 3615 969 3680 venti

165 3727 346 3793 diminuunt
369 3728 534 3813 radiisque
556 3734 704 3794 retexens
726 3727 886 3795 aetherius
908 3729 977 3813 scl,

166 3842 283 3928 partim
306 3843 393 3926 quod
413 3846 523 3930 supter
544 3862 602 3929 per
623 3848 727 3910 terras
750 3842 868 3909 diditur
888 3843 1011 3910 omnis:

166 3958 351 4043 percolatur
373 3960 456 4026 enim
479 3960 587 4044 virus,
604 3964 751 4042 retroque
773 3966 920 4025 remanat

172 4205 221 4257 239
241 4204 330 4257 eadem
350 4201 363 4275 ll
382 4207 431 4255 241
451 4206 565 4256 nativam
585 4202 598 4273 Η
619 4206 669 4256 245
689 4204 755 4256 idem
776 4202 790 4274 ΙΙ
811 4208 860 4256 251
880 4207 933 4257 ulle
952 4203 965 4277 ll
986 4209 1038 4258 264
1056 4206 1179 4281 quidquid
