2744 4658
170 220 233 283 240
493 284 497 295 ,
711 216 756 279 VI

87 392 228 452 1000001
250 407 270 450 0
292 393 383 471 tergo
407 389 499 469 quasi
522 387 677 473 provehat
699 393 796 468 utque
819 389 999 472 propellat.

170 522 296 586 semper
319 505 402 568 eninr
426 503 544 567 oireum
566 505 690 588 positus
712 524 765 568 res
787 505 934 569 verberat
955 511 1029 568 a'e'r:

171 618 229 682 sed
252 618 308 683 tali
331 618 366 682 fit
389 619 434 682 uti
458 618 617 702 propellat
639 627 781 700 ternpore
804 618 942 702 ferrum,

170 739 262 815 parte
286 733 370 814 quod
394 753 432 797 ex
456 754 521 797 una
543 733 680 818 spatium
703 740 795 797 00001
818 742 849 797 et
871 734 957 816 capit
979 735 1011 797 in
1034 755 1089 800 se.

88 867 154 914 1030
172 847 241 923 lrio,
258 848 315 911 tibi
339 867 433 929 quem
459 868 598 912 memoro
613 898 619 917 .
635 867 693 930 per
716 849 830 912 erebra
853 848 1012 913 foramina
1034 849 1107 914 serii

170 983 288 1046 parvas
310 962 352 1027 ad
377 964 473 1045 partis
497 963 654 1028 subtiliter
677 967 877 1049 insinuatus,

170 1077 267 1141 trudit
290 1083 321 1140 ot
342 1077 486 1161 inpellit,
504 1080 593 1159 quasi
618 1101 733 1145 navem
753 1081 887 1162 velaque
911 1086 1043 1146 ventus.

89 1213 156 1259 1034
172 1192 310 1274 denique
333 1213 383 1257 res
407 1213 518 1258 omnes
540 1195 657 1258 debent
680 1196 710 1258 in
734 1216 868 1279 eorpore
893 1196 1011 1260 habere

171 1315 265 1383 aera,
284 1307 545 1389 quandoquidem
568 1331 639 1373 raro
662 1316 736 1374 sunt
757 1330 889 1393 eorpore
912 1317 944 1376 et
966 1318 1020 1375 a'e'r

172 1423 318 1488 omnibus
343 1430 391 1487 est
413 1425 508 1489 rebus
531 1426 647 1488 oireurn
671 1426 765 1490 datus
788 1426 1041 1510 adpositusque.

172 1538 223 1602 hio
246 1538 363 1622 igitur,
380 1540 506 1623 penitus
530 1541 582 1620 001
606 1541 638 1603 10
662 1542 776 1604 ferrost
797 1540 924 1604 abditus
947 1547 1023 1617 001,

174 1653 308 1718 sollicito
333 1660 417 1717 ruotn
441 1674 567 1740 semper
589 1656 724 1720 iactatur
747 1674 850 1737 00000

172 1770 319 1834 verberat
341 1770 482 1833 anellum
507 1771 604 1835 dubio
627 1771 740 1855 prooul
763 1779 795 1836 et
817 1770 878 1834 eiet
900 1770 1004 1851 intua,

89 1906 155 1952 1040
173 1884 311 1950 soilieet:
328 1885 383 1949 ille
406 1884 520 1949 eodem
543 1885 662 1962 fertur,
679 1907 742 1968 quo
767 1884 987 1968 praeeipitavit

172 2000 235 2064 iam
259 2002 356 2064 semel
380 2007 410 2065 et
432 2009 554 2086 partem
577 2001 610 2064 in
633 2022 766 2065 vaouam
790 1999 958 2064 conamina
981 1998 1133 2083 sumpsit.

210 2116 262 2178 Fit
285 2136 413 2198 quoque
437 2122 471 2179 ut
494 2138 513 2180 a
535 2116 644 2200 lapide
667 2117 727 2179 hoo
749 2115 821 2178 l'erri
845 2121 958 2178 natura
981 2113 1110 2179 recedat

172 2229 254 2292 inter
277 2230 351 2293 dum
366 2283 372 2308 ‚
389 2232 501 2312 fugere
525 2238 622 2313 atque
646 2229 737 2312 sequi
760 2236 913 2294 consueta
936 2228 1094 2294 vicissim.

172 2345 316 2409 exultare
339 2347 436 2410 etiam
459 2346 688 2442 Samothracia
697 2344 893 2443 ‚sfiliiaffidi

90 2479 156 2528 1045
174 2464 205 2521 et
228 2466 380 2555 ramenta
394 2461 487 2526 simul
509 2434 714 2545 ferri-iureis
736 2434 823 2523 intus
845 2459 958 2524 ahenis

173 2574 205 2637 in
229 2550 388 2661 serapidis,
406 2576 489 2660 lapis
513 2576 564 2639 hio
587 2578 721 2656 Magnes
744 2597 815 2640 oum
838 2574 985 2640 subditus
1009 2579 1113 2639 esset:

173 2710 274 2773 00000
298 2690 381 2756 adeo
404 2690 519 2772 fugere
542 2691 582 2755 ab
606 2712 685 2756 saxo
709 2692 826 2775 gestire
849 2690 990 2754 videtur.

173 2825 247 2870 aere
271 2806 353 2871 inter
374 2807 479 2890 posito
503 2806 664 2871 discordia
685 2813 773 2870 tanta
796 2811 922 2870 oreatur

132 2904 140 2921 ’
173 2927 344 3005 propterea
366 2923 458 3004 quia,
476 2921 508 2984 ni
531 2922 664 2996 mirum,
681 2921 768 3003 prius
792 2925 900 2985 000100
924 2918 978 2983 ubi
1001 2918 1087 2983 aeris

90 3056 158 3105 1000
174 3037 337 3122 praecepit
358 3035 497 3117 ferrique
518 3036 589 3100 vias
612 3036 755 3119 possedit
778 3042 927 3121 apertas,

174 3152 332 3236 posterior·
354 3151 471 3236 lapidis
492 3152 579 3216 venit
600 3157 709 3217 aestus
732 3156 763 3213 et
786 3151 893 3213 omnia
914 3150 1013 3232 plena

173 3267 294 3331 invenit
316 3267 348 3329 in
371 3264 476 3350 ferro,
494 3285 597 3348 neque
619 3265 718 3330 habet
741 3286 803 3346 000
825 3270 933 3330 tranet
955 3272 989 3328 ut
1010 3269 1102 3327 ante:

174 3382 298 3464 eogitur
321 3382 479 3447 offensare
502 3381 597 3466 igitur
618 3381 810 3465 pulsareque
832 3381 930 3445 fluotu

175 3498 282 3563 ferrea
304 3504 390 3562 texta
411 3518 469 3562 suo
483 3520 491 3576 ;
507 3517 570 3578 quo
593 3502 687 3580 paeto
711 3497 832 3580 respuit
855 3489 906 3560 ab’
920 3514 955 3558 se

92 3635 158 3694 1000
176 3620 271 3696 01000
294 3633 351 3697 per
374 3633 429 3676 aes
451 3614 572 3696 agitat,
588 3611 657 3677 sine
679 3633 717 3676 eo
741 3612 827 3695 quod
851 3630 947 3694 saepe
969 3607 1135 3673 resorbet.

215 3727 298 3790 Illud
321 3729 353 3791 in
375 3727 423 3791 his
447 3728 543 3792 rebus
565 3727 673 3790 mirari
698 3728 805 3810 mitte,
822 3725 909 3809 qnod
932 3729 1040 3789 aestus

174 3844 349 3959 00000101
371 3863 388 3908 0
411 3842 520 3926 lapide
542 3841 604 3908 hoo
625 3842 707 3908 alias
729 3842 893 3943 impellere
910 3841 1086 3935 difflui-03·-

1178 1716 1207 1757 ol

180 4123 245 4170 1026
266 4119 300 4167 Er
325 4117 339 4187 Η
368 4122 433 4172 1032
454 4119 550 4171 ventis.
576 4117 587 4185 Ι
615 4120 681 4167 1040
705 4118 751 4167 1110
778 4113 792 4185 {l
821 4119 886 4170 1046
909 4116 1002 4185 scapiis
1026 4113 1039 4187 ΙΙ
1067 4117 1131 4163 1041
1153 4129 1169 4161 0
1195 4108 1209 4179 ΙΙ
1235 4114 1304 4161 1006

179 4209 218 4258 his
237 4209 293 4258 lis.
1136 4218 1145 4237 ·
