2744 4658
159 237 224 302 224
706 228 746 293 Vl

158 403 254 485 gleba
277 407 431 467 vetustate
454 420 472 465 e
496 407 579 465 terra
602 401 797 484 provolvitur
819 400 954 483 ingens,

157 524 191 582 ut
213 517 348 581 iactetur
370 534 476 597 aquae
498 514 595 579 fluctu
618 535 745 597 quoque
768 522 854 580 55555
875 516 1052 594 555111555;

82 652 132 700 555
159 638 193 696 55
215 653 273 696 555
295 633 377 696 15555
400 630 473 693 dum
498 649 560 693 non
585 631 652 711 quit
674 636 842 714 constare,
860 632 922 697 nisi
945 651 1038 696 umor

158 747 278 813 destitit
299 747 332 810 in
356 746 453 810 dubio
476 745 573 810 fluctu
596 746 746 811 iactarier
767 747 873 812 intus.
906 764 909 771 ·

198 865 368 928 Praeterea
389 868 504 927 ventus
528 883 599 927 cum
621 881 678 946 per
700 863 772 926 1555
795 862 934 927 subcava
956 867 1062 928 terrae

159 977 310 1043 collectus
333 983 423 1061 parte
446 997 491 1040 ex·
510 998 574 1041 555
597 976 778 1061 procumbit
800 984 832 1042 ot
855 984 948 1061 urget

158 1093 294 1157 obnixus
316 1093 443 1174 magnis
466 1093 636 1177 speluncas
659 1093 778 1157 viribus
802 1093 903 1169 altas,

83 1229 134 1276 555
158 1209 312 1272 incumbit
334 1208 430 1273 tellus
452 1229 515 1291 quo
539 1209 626 1275 venti
649 1230 750 1292 prona
772 1209 888 1293 premit
910 1210 979 1273 vis:

157 1333 222 1389 tum
246 1343 361 1406 supera
384 1331 501 1388 terram
525 1344 609 1407 quae
632 1331 706 1390 sunt
729 1332 870 1390 extructa
893 1327 1058 1391 domorum

160 1442 201 1505 ad
226 1439 413 1520 caelumque
436 1442 539 1523 nragis
563 1448 682 1522 quanto
706 1446 780 1506 sunt
803 1440 889 1506 edita
911 1460 1078 1525 quaeque,

158 1556 314 1620 inclinata
337 1562 443 1620 meant
465 1557 497 1620 in
521 1557 655 1621 eandem
679 1558 805 1641 prodita
827 1563 970 1640 partem,

160 1677 404 1756 protractaeque
426 1672 536 1737 trabes
559 1672 734 1756 inpendent
757 1673 804 1737 ire
826 1677 979 1756 paratae.

84 1809 134 1857 565
161 1794 192 1852 et
214 1794 357 1851 metuunt
380 1788 486 1869 magni
508 1795 657 1853 naturam
682 1787 812 1854 credere
834 1787 946 1852 mundi

160 1904 290 1968 exitiale
313 1904 445 1985 aliquod
467 1912 593 1989 tempus
616 1905 805 1986 clademque
827 1922 978 1979 manere,
1035 1942 1038 1947 >

160 2040 230 2084 cum
253 2018 383 2083 videant
405 2026 525 2083 tautam
549 2027 704 2084 terrarum
726 2019 911 2084 incumbere
935 2018 1071 2084 molem!

160 2135 246 2216 quod
269 2134 331 2198 nisi
354 2135 511 2217 respirent
533 2136 639 2218 venti,
657 2136 705 2199 vis
729 2135 816 2198 nulla
837 2133 977 2198 refrenet

159 2269 212 2316 res
235 2270 339 2330 neque
363 2251 405 2313 ab
428 2249 525 2314 exitio
548 2250 650 2333 possit
672 2249 911 2334 reprehendere
934 2250 1058 2314 euntis:

85 2388 136 2434 555
161 2386 245 2430 5555
266 2367 341 2447 quia
364 2367 524 2448 respirant
543 2365 674 2430 alternis
696 2368 794 2449 inque
815 2365 1008 2450 gravescunt

159 2488 190 2544 et
212 2483 302 2563 quasi
327 2482 450 2546 collecti
476 2480 609 2546 redeunt
630 2483 812 2563 ceduntque
834 2482 975 2565 repulsi,

162 2596 291 2680 saepius
315 2597 398 2662 hano
421 2598 462 2661 ob
484 2618 551 2662 rem
573 2590 736 2662 minitatur
759 2604 846 2662 terra
868 2597 977 2661 ruinas

162 2732 258 2793 quam
281 2712 378 2778 facit:
395 2713 568 2776 inclinatur
590 2713 673 2777 enim
697 2720 846 2793 retroque
869 2712 1013 2795 recellit,

161 2834 192 2892 et
215 2829 326 2912 recipit
348 2829 502 2912 prolapsa
526 2847 600 2892 suas
623 2829 655 2890 in
679 2828 823 2912 pondera
846 2826 962 2892 sedes.

84 2964 134 3011 555
161 2944 221 3007 hac
243 2942 340 3024 igitur
361 2945 485 3007 ratione
507 2943 662 3006 vacillant
683 2943 791 3008 omnia
813 2949 900 3008 tecta

160 3079 282 3122 summa
303 3057 406 3137 magis
430 3057 562 3140 mediis,
580 3057 684 3122 media
706 3057 799 3140 imis,
816 3056 881 3120 ima
902 3056 1078 3140 perhilum.

199 3173 256 3236 Est
279 3171 357 3235 haec
381 3170 523 3235 eiusdem
547 3192 673 3254 qnoque
695 3171 803 3255 magni
827 3191 925 3236 cansa
948 3172 1115 3254 tremoris,

161 3293 274 3351 ventus
296 3285 348 3348 ubi
373 3292 469 3366 atque
494 3287 622 3351 animae
646 3286 750 3351 subito
773 3287 822 3351 vis
844 3288 987 3351 maxima
1010 3285 1172 3369 quaedam

160 3407 217 3466 555
239 3400 438 3466 extrinsecus
460 3408 515 3464 aut
538 3402 611 3485 ipsa
635 3401 750 3466 tellure
774 3408 884 3466 coorta

85 3538 136 3584 555
160 3517 286 3581 151555
309 3535 343 3581 55
366 3535 446 3580 5555
469 3518 564 3582 terrai
588 3516 743 3599 coniecit,
760 3515 869 3597 ibique

160 3631 331 3717 speluncas
352 3631 435 3696 inter
456 3651 593 3712 magnas
615 3631 719 3695 fremit
741 3638 815 3695 ante
838 3630 973 3695 tumultu

160 3746 428 3829 versabundaque
452 3753 614 3832 portatur,
632 3754 705 3830 post
726 3747 823 3811 incita
846 3767 916 3811 cunr
939 3747 986 3810 vis

162 3863 324 3947 exagitata
346 3863 434 3927 foras
457 3863 629 3946 erumpitur
652 3867 684 3928 et
705 3862 798 3927 simul
822 3863 920 3926 altam

165 4142 217 4190 554
228 4140 349 4190 vacillas.
371 4137 383 4208 11
404 4141 454 4189 555
468 4141 528 4188 dum
541 4140 681 4190 omissam.
711 4139 714 4204 j
735 4139 786 4187 558
800 4152 891 4200 55355.
912 4135 925 4206 Η
946 4140 996 4188 563
1009 4139 1107 4215 minent
1124 4139 1151 4188 in
1163 4140 1254 4189 eadem
1273 4136 1288 4207 Η

165 4265 171 4278 .
182 4245 197 4278 5
209 4267 214 4276 .
224 4245 240 4277 5
250 4267 255 4277 .
267 4244 283 4290 q
293 4267 298 4276 .
309 4245 341 4291 q.
363 4226 376 4296 Η
397 4230 447 4278 568
466 4227 547 4276 ventis
566 4227 637 4275 nulla
654 4226 787 4276 refremet.
809 4223 821 4294 11
843 4228 892 4276 582
912 4227 1080 4276 Versabunda
