2678 4658
111 249 131 310 6
667 241 683 304 Ι

72 442 77 453 ·
112 412 223 493 religio
247 411 372 495 peperit
393 411 557 476 scelerosa
581 417 675 492 atque
698 412 798 494 impia
821 411 928 474 facta.

112 525 227 591 Aulide
250 545 312 605 qno
336 529 431 607 pacto
455 524 575 588 'l'riviai
597 524 730 605 virginis
753 546 842 589 aram

19 631 27 648 ”
50 663 82 709 ss
117 639 317 724 Iphianassai
339 645 507 722 turparunt
529 641 686 720 sauguine
706 639 801 704 foede

112 756 261 820 ductores
284 755 433 818 Danaum
458 751 593 832 delecti,
618 754 721 837 prima
743 755 901 818 virorum.

114 872 164 936 cui
186 870 280 934 simul
303 869 403 933 infula
424 868 587 957 virgineos
610 868 725 932 circum
749 868 827 933 data
851 879 995 954 comptus

112 1009 152 1051 ex
176 992 311 1066 utraque
334 983 405 1066 pari
427 982 586 1047 malarum
607 988 699 1067 parte
722 984 902 1067 prolirsast,

115 1107 147 1164 et
169 1106 302 1164 mestum
326 1097 419 1162 simul
441 1102 516 1161 ante
538 1116 615 1161 aras
637 1073 957 1182 adstareparentem

51 1238 84 1282 oo
116 1215 232 1296 sensit,
258 1220 289 1278 et
313 1215 396 1276 hunc
418 1217 549 1296 propter
570 1212 686 1275 ferrum
710 1213 816 1276 celare
839 1213 1020 1298 ministroS‚

115 1335 310 1414 aspectuque
333 1348 389 1392 sno
413 1326 566 1393 lacrimas
588 1325 749 1390 effundere
773 1327 870 1411 civis,

114 1452 200 1509 muta
223 1448 308 1507 metu
331 1449 447 1506 terram
473 1441 608 1521 genibus
632 1442 803 1508 summissa
824 1444 974 1526 petebat:

115 1581 175 1625 nec
196 1529 334 1623 miserae
357 1555 511 1640 prodesse
534 1557 566 1619 in
589 1556 647 1619 tali
670 1562 816 1640 tempore
840 1558 951 1638 quibat

116 1675 200 1756 quod
223 1672 328 1757 patrio
351 1671 500 1756 princeps
523 1669 660 1734 donarat
683 1672 809 1753 nomine
833 1692 961 1755 regem:

52 1811 85 1858 os
117 1809 191 1852 nam
215 1788 343 1852 sublata
364 1787 465 1850 virum
489 1786 636 1849 manibus
659 1786 925 1868 tremibundaque
948 1789 989 1852 ad
1010 1809 1086 1853 aras

116 1902 303 1977 deductam,
326 1922 390 1964 non
413 1907 447 1963 nt
470 1901 616 1965 sollemni
640 1921 728 1965 more
751 1921 913 1965 sacrorum

115 2017 256 2104 perfecto
280 2020 390 2099 posset
412 2015 500 2080 claro
524 2004 668 2101 comit'aii
690 2015 900 2099 Hymenaeo,

116 2133 173 2198 sed
197 2137 285 2196 casta
308 2130 447 2212 inceste,
471 2129 613 2194 nubendi
635 2135 779 2213 tempore
802 2131 835 2193 in
858 2131 948 2214 ipso,

116 2246 220 2312 hostia
243 2244 426 2309 concideret
447 2251 589 2308 mactatu
612 2252 736 2336 maesta
758 2245 921 2330 parentis,

46 2384 94 2430 roo
118 2362 219 2426 exitus
241 2367 274 2423 nt
296 2359 393 2424 classi
414 2358 492 2423 felix
515 2358 703 2440 faustusque
727 2358 874 2424 daretur.

118 2480 240 2540 tantum
265 2474 376 2557 religio
399 2475 501 2558 potuit
523 2477 658 2540 suadere
680 2474 857 2537 malorum.

159 2592 307 2654 Tutemet
329 2610 350 2653 a
372 2589 465 2653 nobis
487 2590 551 2653 iam
575 2588 688 2671 quovis
710 2595 854 2671 tempore
877 2596 984 2653 vatum

116 2703 297 2784 terriloquis
319 2703 421 2768 victus
444 2704 536 2769 dictis
559 2703 737 2769 desciscere
761 2720 916 2783 quaeres

117 2819 233 2902 quippe
257 2818 375 2882 oteninr
398 2840 493 2899 qnam
518 2819 618 2883 multa
638 2817 694 2882 tibi
716 2818 781 2880 iam
803 2816 923 2895 tingere
946 2819 1079 2898 possunt
1141 2892 1144 2897 ι

46 2956 95 3001 roo
118 2933 263 3014 somnia,
288 2934 478 3013 quaesitae
502 2933 643 2997 rationes
664 2938 787 2996 uertere
811 2931 935 3015 possint
1024 2941 1026 2944 ’

116 3047 324 3127 fortunasque
346 3055 418 3110 trras
441 3048 543 3134 omnis
565 3049 692 3111 turbare
715 3047 844 3111 timore!

117 3166 149 3224 et
171 3161 303 3225 merito:
328 3182 401 3225 nam
424 3162 450 3226 si
474 3169 591 3226 cer-tam
616 3163 711 3227 tinem
734 3145 974 3226 esso'riderent

115 3294 339 3338 aerumnarum
363 3275 526 3359 homines,
551 3277 659 3358 aliqua
680 3277 804 3341 rationo
826 3276 973 3342 valerent

117 3388 327 3469 religionibus
349 3397 445 3470 atque
468 3390 561 3454 minis
583 3391 737 3455 obsistere
758 3398 886 3456 runnu:

46 3523 94 3567 rro
119 3523 202 3566 nunc
225 3503 304 3566 ratio
327 3505 418 3567 nulla
441 3511 489 3568 est
511 3504 672 3588 restandi,
697 3504 786 3569 nullu
808 3504 967 3587 tirrnltaS,

117 3621 267 3681 aeternas
291 3618 441 3699 qnoniam
464 3639 586 3702 poenas
608 3620 640 3683 in
664 3632 764 3682 morte
786 3619 1010 3685 timendnmst.

117 3731 283 3813 ignoratur
306 3732 390 3796 enirn
414 3753 498 3814 qnae
520 3734 561 3822 sit
584 3740 698 3799 natura
721 3735 859 3831 arrirnai,

119 3850 196 3907 nata
217 3845 278 3921 sit,
302 3866 342 3909 an
366 3853 478 3912 contra
501 3849 707 3915 nascentibus
729 3848 923 3923 insinuetur,

117 3965 149 4021 et
170 3959 262 4023 simul
284 3959 420 4024 intereat
443 3962 607 4027 nobiscnm
630 3969 731 4026 morte
754 3961 927 4039 dirempta,

116 4115 317 4122 ---.-.--

120 4210 153 4256 84
173 4208 258 4257 triviat
279 4207 292 4276 [Ι
314 4213 362 4258 102
383 4211 489 4274 quodris
508 4210 522 4280 Η
546 4215 593 4261 104
612 4224 728 4277 possum.
747 4201 761 4271 Η
785 4199 827 4251 111
851 4192 987 4247 rrnronnnn
