2744 4658
703 233 732 297 V

154 402 329 488 corripiunt
351 404 458 469 divum
481 405 625 490 percussi
648 406 788 471 membra
810 406 941 491 timore,

154 518 273 602 nequid
296 519 338 584 ob
360 519 534 587 admissum
555 519 650 586 foede
670 521 830 587 dictumve
853 524 991 606 superbe

68 654 137 703 1225
154 654 334 719 poenarum
357 654 456 716 grave
479 637 519 701 sit
542 636 684 703 solvendi
707 642 832 721 tempus
856 638 1027 704 adultum?

154 770 278 815 summa
301 749 396 815 etiam
420 771 490 815 eum
513 753 561 816 vis
584 753 714 816 violenti
736 773 795 837 per
817 773 906 818 mare
928 756 1015 820 venti

153 865 413 950 induperatorem
436 867 549 932 classis
572 887 668 951 super
691 887 832 948 aequora
854 869 951 933 verrit

156 1001 227 1045 cum
249 979 364 1045 validis
387 983 505 1064 pariter
527 982 708 1067 legionibus
731 989 829 1065 atque
852 983 1051 1072 elephantis,

154 1116 220 1161 non
243 1095 351 1160 divom
372 1116 484 1179 pacem
508 1099 590 1162 votis
612 1098 680 1163 adit
702 1119 741 1163 ac
763 1117 859 1183 prece
882 1101 1010 1179 quaesit

68 1232 137 1280 1230
155 1209 344 1299 [ventorum
366 1212 502 1295 pavidus
525 1234 621 1298 paces
644 1214 833 1295 animasque
856 1215 1056 1302 secundas]‚

151 1347 194 1394 ne
217 1327 389 1411 quiquam,
407 1329 555 1410 quoniam
579 1330 719 1394 violento
741 1330 868 1394 turbine
892 1350 990 1415 saepe

154 1447 319 1525 correptus
342 1442 408 1508 nilo
431 1442 531 1509 fertur
553 1445 718 1509 minusad
742 1447 826 1509 vada
848 1445 930 1510 leti?

121 1570 124 1575 '
152 1577 257 1641 usque
281 1558 363 1623 adeo
386 1579 438 1624 res
461 1560 617 1625 humanas
638 1561 687 1625 vis
711 1560 820 1625 abdita
844 1562 1002 1643 quaedam

153 1673 289 1759 opterit,
306 1680 338 1738 et
359 1675 512 1758 pulchros
535 1675 632 1740 fascis
655 1696 833 1760 saevasque
857 1696 985 1742 secures

73 1808 141 1857 nass
154 1790 341 1874 proculcare
363 1811 402 1855 ac
424 1789 561 1855 ludibrio
586 1792 648 1856 sibi
670 1792 791 1856 habere
814 1791 958 1856 videtur.

161 1904 295 1989 denique
319 1906 378 1970 sub
401 1904 537 1989 pedibus
560 1906 655 1971 tellus
679 1926 747 1970 cum
773 1911 842 1970 tota
865 1907 995 1972 vacillat

161 2040 397 2104 concussaeque
420 2020 537 2087 eadunt
559 2022 655 2085 urbes
678 2021 856 2103 dubiaeque
880 2021 1058 2109 minantur,

157 2135 234 2219 quid
255 2137 387 2222 mirum,
405 2137 432 2202 si
455 2156 490 2203 se
513 2142 658 2202 temnunt
679 2137 826 2202 mortalia
849 2137 959 2203 saecla
1062 2153 1064 2156 ’

152 2259 251 2335 atque
272 2254 443 2339 potestatis
466 2271 603 2334 magnas
626 2253 789 2335 mirasque
812 2254 974 2335 relinqunt

73 2389 136 2437 1240
152 2368 188 2434 in
212 2369 308 2435 rebus
330 2369 408 2434 viris
430 2369 558 2452 divum,
576 2387 660 2449 quae
684 2375 796 2434 cuneta
818 2370 1024 2453 gubernent?

192 2483 287 2562 Quod
311 2504 407 2569 super
431 2492 498 2569 est,
516 2504 571 2548 aes
594 2490 689 2565 atque
712 2504 822 2548 aurum
845 2484 1028 2568 ferrumque
1050 2494 1242 2570 repertumst

155 2608 188 2666 et
209 2599 304 2665 simul
327 2601 450 2683 argenti
471 2599 597 2685 pondus
620 2599 805 2683 plumbique
827 2605 991 2684 potestas,

153 2717 240 2801 ignis
262 2716 317 2781 ubi
340 2716 479 2801 ingentis
502 2715 601 2781 silvas
623 2713 740 2780 ardore
762 2722 919 2780 cremarat

154 2833 316 2898 montibus
338 2833 371 2897 in
393 2833 540 2915 magnis,
557 2852 614 2898 seu
637 2832 725 2897 caelo
748 2830 879 2895 fulmine
903 2831 1022 2915 misso,

73 2970 138 3018 1245
156 2949 226 3015 sive
249 2948 335 3032 quod
356 2949 437 3013 inter
459 2968 494 3014 se
516 2949 636 3013 bellum
660 2948 806 3014 silvestre
829 2954 977 3030 gerentes

154 3064 301 3130 hostibus
322 3064 493 3129 intulerant
513 3063 620 3145 ignem
644 3063 820 3128 formidinis
844 3082 940 3148 ergo,

155 3180 224 3246 sive
247 3180 333 3262 quod
354 3179 474 3246 inducti
497 3186 600 3244 terrae
622 3178 764 3245 bonitate
786 3179 938 3243 volebant

157 3295 300 3381 pandere
322 3317 419 3381 agros
442 3295 569 3380 pinguis
592 3302 623 3359 et
645 3314 764 3378 pascua
785 3293 923 3360 reddere
946 3315 1040 3373 rura,

157 3412 225 3479 sive
248 3411 336 3478 feras
358 3411 536 3477 interficere
558 3416 589 3474 et
612 3409 768 3474 ditescere
790 3410 931 3494 praeda:

74 3549 142 3598 raso
159 3549 234 3594 nam
256 3528 352 3594 fovea
374 3535 470 3611 atque
492 3527 559 3608 igni
582 3526 670 3611 prius
694 3533 740 3589 est
762 3525 909 3591 venarier
932 3531 1035 3591 ortum

160 3664 256 3729 quam
279 3645 406 3730 saepire
429 3643 535 3730 plagis
559 3643 673 3708 saltum
697 3642 893 3724 canibusque
917 3644 1021 3706 ciere.

159 3761 315 3846 quidquid
337 3761 370 3826 id
393 3766 460 3844 est,
480 3779 542 3841 qua
566 3778 699 3840 eumque
722 3777 739 3823 e
763 3777 863 3822 eausa
883 3756 1049 3822 flammeus
1072 3757 1168 3822 ardor

160 3944 362 3953 ——·—-

166 4067 232 4116 1224
251 4064 359 4129 Nequod
376 4062 388 4133 Η
405 4067 470 4115 1225
485 4064 637 4112 adauctum.
659 4058 672 4129 ΙΙ
695 4065 760 4111 1226
775 4062 876 4111 Summe
898 4060 909 4129 Η
932 4064 998 4111 1229
1012 4079 1028 4110 a
1040 4058 1053 4130 Η
1075 4065 1140 4112 1232
1154 4063 1255 4124 aquada
1269 4062 1282 4130 Η

166 4156 231 4204 1226
251 4153 290 4203 sui
316 4151 329 4220 ll
358 4156 421 4203 1241
444 4162 481 4203 est
498 4169 578 4217 aeque
603 4152 615 4220 [l
643 4152 709 4200 1243
728 4150 810 4215 gent-is
835 4147 848 4218 ll
871 4152 937 4199 1248
956 4150 1064 4215 panguis
1085 4148 1099 4220 ll
1122 4154 1186 4201 1252
1207 4149 1284 4215 Quic-

164 4242 224 4308 qnid
