2744 4658
158 232 199 298 96
702 224 747 289 111

158 397 278 463 addere
300 397 384 462 enirn
408 395 508 480 partis
530 401 585 459 aut
607 395 718 459 ordine
740 394 895 460 traiecere
917 400 1063 462 aecumst

159 520 214 577 aut
236 511 358 594 aliquid
379 531 506 595 prosum
531 510 570 574 de
594 529 718 574 summa
740 509 906 574 detrahere
930 509 1048 588 hilum,

83 649 133 697 515
159 632 353 693 commutare
376 626 514 689 animum
540 625 592 708 qui
615 643 749 706 cumque
771 624 914 689 adoritur
936 630 968 689 et
989 625 1057 690 iniit

158 749 214 809 aut
235 743 331 806 aliam
355 740 500 823 quamvis
523 746 670 804 naturam
692 739 819 805 flectere
843 740 987 822 quaerit.

160 866 192 924 at
214 877 317 940 neque
341 838 506 921 transferri
528 857 588 921 sibi
611 855 712 940 partis
735 875 795 920 nec
818 855 913 919 tribui
936 856 1002 920 vult

158 971 328 1037 inmortale
351 971 436 1053 quod
459 977 508 1036 est
530 969 698 1053 quicquam
721 990 824 1054 neque
847 969 986 1035 defluere
1007 969 1126 1034 hilum:

158 1109 232 1152 nam
255 1087 340 1171 quod
363 1106 497 1169 cumque
520 1086 587 1151 suis
609 1091 763 1150 mutatum
786 1085 902 1151 finibus
925 1085 1009 1164 exit,

85 1224 135 1270 520
160 1202 308 1268 continuo
332 1202 399 1267 hoc·
414 1223 499 1266 mors
522 1208 571 1267 cst
593 1202 677 1266 illius
700 1200 786 1283 quod
809 1200 983 1266 scitante.

160 1338 236 1402 ergo
259 1318 383 1383 animus
404 1320 473 1384 sive
495 1317 672 1400 aegrescit,
689 1315 838 1380 mortalia
860 1318 954 1397 signa

160 1431 272 1510 mittit,
290 1432 334 1494 uti
358 1432 472 1509 docui,
490 1453 546 1498 seu
567 1432 701 1496 flectitur
723 1453 743 1496 a
767 1432 946 1497 medicina.

161 1566 263 1628 usque
286 1546 368 1610 adeo
391 1547 493 1612 falsae
513 1547 629 1611 rationi
651 1566 728 1610 vera
750 1547 874 1612 videtur

160 1683 212 1727 res
236 1682 401 1727 occurrere
423 1669 455 1726 ct
476 1662 628 1746 effugium
649 1660 857 1746 praecludere
880 1661 985 1744 eunti,

86 1798 136 1844 515
162 1776 359 1861 ancipitique
381 1777 518 1842 refutatu
540 1777 727 1843 convincere
749 1775 886 1841 falsum.

199 1892 345 1976 Denique
368 1913 467 1976 saepe
489 1892 649 1957 hominem
671 1892 825 1976 paulatim
848 1891 1004 1957 cernimus
1025 1891 1072 1956 ire

161 2015 192 2073 et
213 2009 415 2072 membratim
437 2009 567 2072 vitalem
590 2007 768 2091 deperdere
791 2027 940 2086 sensum;

160 2124 193 2186 in
215 2122 353 2205 pedibus
376 2123 511 2207 primum
533 2123 651 2203 digitos
672 2122 830 2186 livescere
853 2129 885 2188 et
906 2122 1043 2203 unguis,

161 2236 238 2301 inde
260 2236 362 2320 pedes
385 2244 416 2302 et
438 2259 530 2303 crura
554 2240 651 2317 mori,
668 2244 741 2322 post
762 2238 837 2304 inde
859 2257 917 2321 per
939 2242 1027 2301 artus

87 2372 138 2419 535
162 2351 209 2415 ire
231 2351 314 2414 alios
336 2352 460 2416 tractim
483 2354 581 2434 gelidi
605 2354 740 2438 vestigia
763 2353 837 2418 leti.
1003 2441 1004 2446 γ

162 2465 316 2531 scinditur
339 2487 438 2548 usque
461 2467 544 2533 adeo
568 2467 647 2534 hacc
670 2470 819 2551 quoniam
843 2474 957 2532 natura
979 2485 1039 2530 neo
1060 2486 1123 2531 uno

159 2585 303 2664 tempore
326 2582 450 2646 sincera
473 2583 600 2667 existit,
617 2585 759 2649 mortalis
777 2582 977 2648 habendast.

163 2695 246 2776 quod
271 2694 298 2760 si
321 2696 402 2762 forte
424 2702 519 2781 putas
542 2699 645 2782 ipsam
668 2719 703 2763 55
725 2716 822 2783 posse
844 2718 901 2780 per
924 2702 1011 2760 artus

161 2809 313 2877 introsum
337 2813 463 2877 trahere
486 2818 518 2878 et
539 2815 638 2897 partis
661 2811 839 2876 conducere
861 2812 893 2874 in
916 2830 1013 2873 unum

87 2944 137 2990 535
161 2932 257 3008 atque
280 2925 353 2991 ideo
377 2928 497 2992 cunctis
521 2947 646 2992 sensum
671 2925 829 2990 deducere
852 2925 1021 3008 membris,

162 3048 196 3104 at
218 3041 306 3105 locus
328 3041 383 3104 ille
406 3047 534 3119 tamen,
551 3061 612 3123 quo
636 3041 730 3125 copia
752 3047 841 3105 tanta
863 3039 985 3104 animai

162 3155 303 3237 cogitur,
319 3155 352 3218 in
375 3174 473 3220 sensu
496 3155 590 3221 debet
612 3158 733 3222 maiore
755 3154 879 3232 videri;

163 3269 217 3349 qui
240 3271 390 3351 quoniam
414 3277 620 3354 nusquamst,
637 3272 669 3334 ni
692 3273 824 3347 mirum,
840 3275 874 3333 ut
896 3269 1033 3333 diximus
1055 3272 1150 3351 ante,

163 3382 317 3447 dilaniata
339 3383 427 3449 foras
450 3385 664 3469 dispargitur,
681 3386 787 3450 interit
809 3405 908 3467 ergo.

87 3517 138 3562 545
164 3498 239 3579 quin
263 3498 358 3562 etiam
380 3499 406 3564 si
428 3499 494 3563 iam
516 3498 615 3563 libeat
638 3500 813 3566 concedere
840 3498 977 3579 falsum,

67 3652 72 3659 -
163 3617 194 3678 et
217 3612 295 3678 dare
318 3633 413 3696 posse
436 3612 577 3677 animam
600 3615 772 3695 glomerari
795 3615 982 3696 incorpore
1003 3630 1131 3696 corum,

163 3727 284 3792 lumina
307 3728 360 3810 qui
384 3728 505 3792 lincunt
526 3728 706 3792 moribundi
728 3727 961 3812 particulatim,

163 3842 332 3908 mortalem
354 3848 460 3908 tamen
484 3861 556 3908 esse
578 3843 719 3926 animam
741 3843 865 3909 fateare
887 3859 1040 3931 necesse,

167 4113 216 4159 522
236 4109 327 4159 deocni
348 4107 361 4176 Η
381 4111 432 4158 523
451 4107 557 4158 rationis
576 4106 589 4177 ΙΙ
610 4110 660 4159 525
681 4108 805 4159 refutatur
829 4105 843 4176 ΙΙ
867 4111 915 4159 531
937 4116 1012 4171 atque
1030 4107 1116 4157 animo
1141 4104 1155 4177 Η
1181 4110 1231 4157 535
1251 4107 1288 4157 di·

169 4199 260 4248 ducere
280 4195 294 4265 11
314 4199 364 4246 538
384 4204 442 4246 ante
460 4197 600 4248 omarum.
