2678 4658
637 223 695 287 llll

75 404 78 415 '
129 396 335 457 conmutantur
356 390 403 456 ibi
425 393 591 477 positurae
612 393 860 478 principiorum

126 507 244 592 utprius
267 508 312 573 ad
335 527 467 572 sensum
491 529 572 590 quae
595 529 730 593 corpora
753 510 987 575 conveniebant

123 641 190 686 nunc
209 644 272 689 non
296 623 512 709 conveniant,
529 629 560 688 et
582 629 689 689 cetera
712 625 901 707 sintmagis
924 632 1019 711 apta,

72 758 103 805 uo
120 758 187 820 quae
208 744 380 822 penetrata
403 743 521 821 queunt
544 758 673 804 sensum
696 740 888 824 progignere
911 743 1081 808 aceruum.

67 872 99 920 ut
149 855 235 919 Nunc
258 874 343 939 age,
361 873 423 936 quo
446 859 540 936 pacto
563 855 651 919 naris
674 855 819 921 adiectus
843 857 950 922 odoris

82 962 86 973 '
112 973 212 1054 tangat
234 990 355 1051 agam.
371 969 507 1054 primum
531 989 583 1035 res
605 971 721 1035 multas
745 990 815 1036 esse
840 978 1002 1038 necessest

61 1104 93 1153 m
111 1084 186 1150 uude
208 1085 312 1150 fluens
334 1085 444 1150 volvat
466 1085 572 1150 varius
595 1105 630 1151 se
652 1086 765 1152 fluctus
788 1087 941 1170 odorum,

108 1207 135 1266 et
152 1200 252 1266 fluere
275 1205 308 1265 et
329 1200 409 1264 mitti
432 1200 527 1280 volgo
551 1202 725 1284 spargique
747 1202 975 1286 putandumst:

106 1335 207 1380 verum
230 1315 305 1380 aliis
328 1314 412 1380 alius
433 1315 538 1396 magis
562 1322 611 1381 est
632 1318 847 1382 animantibus
870 1323 984 1402 aptus,

104 1429 266 1497 dissimilis
288 1435 419 1515 propter
441 1429 582 1495 formas.
599 1431 736 1515 ideoque
759 1453 816 1517 per
840 1451 933 1496 auras

103 1546 203 1613 mellis
225 1565 308 1630 apes
332 1544 478 1625 quamvis
500 1545 596 1629 longe
619 1547 775 1611 ducuntur
799 1547 917 1631 odore,

57 1680 86 1728 rso
102 1661 291 1742 volturiique
314 1659 526 1725 cadaveribus
540 1685 546 1724 :
562 1666 628 1724 turn
650 1661 727 1726 fissa
749 1661 887 1726 ferarum

101 1776 220 1860 ungula
245 1795 309 1857 qno
331 1774 438 1839 tulerit
460 1791 604 1857 gressum
627 1776 785 1860 permissa
808 1797 921 1842 canum
945 1778 993 1842 vis

104 1891 192 1977 licit,
212 1897 245 1956 et
267 1889 442 1955 humanum
465 1891 561 1973 longe
583 1891 760 1975 praesentit
783 1891 912 1957 odorem

107 2005 346 2072 Romulidarum
368 2005 451 2071 areis
475 2013 639 2083 servator,
658 2005 813 2070 candidus
835 2026 946 2072 anser.

100 2121 140 2187 ric
160 2120 240 2185 aliis
263 2119 346 2185 alius
368 2120 462 2187 nidor
483 2120 575 2186 datus
598 2121 640 2185 ad
662 2141 721 2186 sua
745 2141 904 2204 quemque

57 2252 84 2303 se
101 2236 221 2321 pabula
245 2234 333 2301 ducit
355 2254 374 2300 e
396 2255 417 2298 a
439 2241 518 2301 tetro
541 2237 664 2301 resilire
686 2255 811 2301 veneno

102 2351 204 2436 cogit,
221 2369 327 2432 eoque
349 2350 444 2417 modo
468 2357 635 2417 servantur
658 2351 769 2416 saecla
790 2349 949 2416 ferarum.

137 2466 199 2531 llio
222 2463 305 2528 odor
325 2463 396 2549 ipse
419 2465 535 2550 igitur,
551 2468 637 2533 naris
660 2468 714 2549 qui
737 2488 872 2550 cumque
895 2466 1044 2543 lacessit,

102 2590 147 2649 est
168 2585 236 2650 alio
260 2590 295 2649 ut
315 2583 417 2668 possit
437 2582 576 2667 permitti
593 2584 724 2668 >longius
747 2583 849 2647 alter:

103 2701 155 2764 sed
177 2704 290 2764 tamen
311 2697 398 2762 haud
421 2697 589 2779 qnisquam
612 2702 678 2762 tarn
700 2699 795 2780 longe
817 2696 917 2762 fertur
940 2716 1049 2761 eorum

57 2827 85 2878 to
104 2834 199 2896 quam
221 2813 365 2897 sonitus,
383 2832 479 2894 quam
503 2833 585 2895 vor,
602 2812 688 2877 mitto
712 2813 776 2877 iam
800 2813 903 2877 dicere
926 2831 1022 2893 quarn
1044 2829 1097 2874 res

104 2948 186 3010 qnae
208 2928 331 2995 feriunt
353 2926 517 2994 oculorum
541 2927 628 2991 acies
650 2927 816 3010 visumque
837 2927 1019 2992 lacessunt.

104 3043 305 3110 errabundus
326 3041 412 3108 enim
432 3041 523 3107 tarde
546 3041 651 3125 venit,
669 3062 708 3106 ac
730 3043 813 3125 perit
834 3049 908 3107 ante

102 3157 258 3244 paulatim
282 3155 388 3222 facilis
410 3157 579 3222 distraetus
602 3157 634 3220 in
658 3156 740 3220 aeris
764 3177 881 3239 auras;

102 3292 139 3338 ex
160 3273 227 3338 alto
250 3271 388 3357 primum
412 3271 487 3354 quia
508 3272 559 3336 vix
584 3271 735 3336 emittitur
758 3291 799 3336 ex
820 3291 874 3337 re:

57 3401 85 3452 sa
103 3406 175 3453 nam
197 3388 329 3472 penitus
351 3386 451 3452 fluere
473 3380 568 3469 atque
590 3386 740 3451 resedere
763 3386 858 3450 rebus
881 3385 996 3451 odores

102 3501 262 3584 signifieat
284 3501 372 3585 quod
394 3499 498 3568 fracta
520 3502 623 3584 magis
647 3501 792 3567 redolere
814 3502 961 3566 videntur

102 3617 228 3702 omnia,
245 3615 332 3700 quod
355 3615 509 3699 contrita,
527 3614 613 3698 quod
635 3616 699 3700 igni
724 3615 967 3681 conlabefacta:

100 3730 218 3799 deinde
240 3730 352 3797 videre
375 3731 451 3796 licet
471 3731 648 3796 maioribus
672 3750 743 3795 esse
766 3725 905 3797 creatum

98 3846 266 3932 principiis
288 3866 386 3929 quam
407 3866 489 3930 vox,
507 3845 658 3929 quoniam
679 3865 736 3928 per
758 3863 859 3910 saxea
881 3849 995 3928 saepta

100 4117 150 4166 668
168 4114 214 4167 rit
233 4113 248 4184 Η
271 4116 321 4163 stt
342 4113 409 4163 alius
427 4122 452 4163 et
477 4111 490 4181 ΙΙ
516 4115 565 4163 680
586 4112 737 4174 Volturiqne
758 4108 770 4180 Η
792 4114 839 4161 681
861 4112 985 4176 promisse
1004 4108 1016 4178 ΙΙ
1042 4112 1091 4159 682
1110 4107 1188 4157 Ducit
1208 4103 1222 4174 Η

99 4205 148 4254 666
165 4203 290 4255 redolere
310 4197 325 4268 ΙΙ
346 4202 397 4250 668
417 4210 544 4249 creatam.
