2744 4658
658 257 673 320 Ι

83 343 178 492 iscire
201 427 275 492 licet
297 447 361 490 non
385 446 456 492 esse
480 427 558 492 haec
579 426 675 511 ignea
698 447 833 510 corpora
856 446 978 492 rerum.

23 563 74 609 cao
100 541 145 605 nil
168 541 302 608 referret
323 543 408 607 enim
432 542 590 624 quaedam
614 543 791 618 decedere,
814 543 923 612 abire,

100 664 198 739 atque
219 656 283 721 alio
306 656 467 736 adtribui,
489 657 669 739 mutarique
694 656 808 723 ordine
831 659 1010 739 (praedam,

99 772 125 836 si
148 776 256 836 tamen
281 771 406 837 ardoris
428 778 574 837 naturam
597 778 711 836 cuncta
732 778 897 837 tenerent:

98 886 182 969 ignis
205 886 291 951 enim
313 884 397 950 foret
420 886 610 952 omnimodis
633 885 719 968 quod
743 906 878 970 cumque
904 894 1070 952 crearent.

98 1022 228 1078 verum,
252 1006 286 1065 nt
309 1000 441 1085 opinor,
466 1001 559 1066 itast:
583 1008 657 1066 sunt
679 1002 838 1083 quaedam
860 1022 1016 1086 corpora,
1041 1023 1174 1083 quorum

23 1136 73 1184 685
99 1136 273 1182 concursus
295 1121 399 1181 motus
422 1113 500 1180 ordo
523 1115 668 1199 positura
694 1117 816 1203 figurae

99 1230 243 1296 efficiunt
264 1230 367 1315 ignis,
392 1236 575 1313 mutatoque
599 1233 712 1298 ordine
732 1241 856 1299 mutant

100 1351 267 1422 naturam,
290 1365 395 1426 neque
417 1350 490 1410 sunt
511 1346 578 1429 igni
602 1347 750 1412 simulata
772 1367 876 1430 neque
899 1346 956 1412 nili

100 1463 268 1542 praeterea
290 1459 337 1524 rei
361 1479 444 1543 quae
466 1480 602 1544 corpora
625 1461 746 1529 mittere
768 1463 871 1547 possit

67 1574 250 1681 [ssensibus
271 1579 302 1640 et
324 1580 451 1641 nostros
473 1575 600 1641 adiectu
622 1584 755 1660 tangere
778 1584 901 1644 tactus.

25 1707 76 1756 cco
143 1689 260 1757 Dicere
281 1711 377 1775 porro
400 1690 507 1775 ignem
530 1711 582 1757 res
605 1695 707 1759 omnis
729 1715 821 1771 esse,
846 1711 950 1775 nequo
975 1691 1072 1755 ullam
1129 1690 1147 1725 ⁶

101 1827 166 1870 rem
188 1825 296 1870 veram
317 1806 352 1869 in
374 1827 507 1872 numero
531 1826 636 1871 rerum
659 1790 805 1874 constare
828 1807 888 1873 nisi
912 1806 1039 1890 ignem,

102 1919 188 2002 quod
210 1918 286 1984 facit
307 1919 359 1984 hic
381 1921 488 1997 idem,
511 1921 704 2005 perdelirum
727 1943 798 1989 esse
820 1923 965 1988 videtur.

100 2055 175 2099 nam
199 2041 309 2098 contra
330 2055 443 2101 sensus
466 2036 506 2100 ab
529 2037 675 2102 sensibus
697 2037 768 2121 ipse
790 2043 969 2123 repugnat,

99 2155 131 2213 et
152 2148 324 2214 labefactat
345 2171 422 2228 eos,
446 2151 531 2217 unde
554 2150 663 2216 omnia
686 2150 804 2216 credita
828 2154 988 2238 pendent,

23 2289 73 2337 695
99 2265 183 2331 unde
206 2265 258 2330 hic
281 2266 426 2350 cognitus
449 2274 498 2332 est
520 2267 581 2351 ipsi
606 2286 700 2349 quem
724 2269 867 2335 nominat
889 2266 1016 2352 ignem:

100 2383 201 2449 credit
223 2383 306 2447 enim
329 2402 443 2447 sensus
464 2383 570 2465 ignem
593 2402 789 2468 cognoscere
810 2402 904 2467 vere,

99 2507 206 2565 cetera
229 2519 293 2563 non
315 2497 435 2575 credit,
458 2517 541 2579 qnae
563 2497 628 2562 nilo
650 2497 737 2563 clara
759 2498 863 2564 minus
885 2504 978 2564 snut.

99 2614 186 2697 quod
210 2613 284 2678 mihi
307 2634 378 2678 cum
401 2634 519 2678 vanum
542 2619 607 2678 tum
630 2612 765 2677 delirum
788 2632 861 2678 esse
883 2613 1029 2677 videtur:

99 2751 162 2812 quo
186 2727 360 2794 referemus
383 2729 496 2794 enim?
519 2728 594 2811 quid
618 2728 711 2793 nobis
735 2728 850 2793 certius
873 2727 953 2813 ipsis

23 2875 75 2921 700
100 2846 247 2914 sensibus
269 2864 340 2911 esse
363 2852 487 2930 potest,
512 2845 564 2927 qui
588 2865 664 2909 vera
688 2865 727 2912 ac
749 2844 832 2909 falsa
854 2847 1028 2909 notemus?

98 2969 265 3050 praeterea
288 2980 387 3043 quare
411 2961 580 3043 quisquam
603 2946 705 3046 magis
728 2960 836 3025 omnia
857 2960 950 3027 tollat

99 3086 131 3147 et
152 3079 229 3143 velit
251 3074 375 3140 ardoris
397 3066 545 3159 naturam
568 3075 713 3157 linquere
735 3074 858 3152 solam,

99 3215 195 3278 quam
218 3196 314 3272 neget
336 3209 408 3255 esse
429 3191 536 3273 ignis,
561 3190 688 3272 quidvis
710 3196 816 3255 tamen
841 3209 913 3255 esse
936 3190 1119 3272 relinquat?

98 3329 205 3392 aequa
227 3307 351 3371 videtur
373 3304 457 3369 enim
480 3305 639 3369 dementia
662 3306 768 3372 dicere
790 3313 976 3388 utrumque.

20 3448 73 3496 705
143 3423 365 3507 Quapropter
388 3419 443 3501 qni
465 3412 628 3484 materiem
653 3439 757 3486 rerum
781 3441 853 3487 esse
871 3426 1022 3505 putarunt

97 3540 207 3622 ignem
229 3543 324 3619 atque
347 3554 388 3601 ex
409 3533 475 3616 igni
500 3553 654 3599 summam
676 3535 850 3600 consistere
872 3555 989 3621 posse,

98 3655 206 3737 etqui
229 3655 418 3740 principium
441 3651 615 3738 gignundis
637 3657 714 3715 a'e'ra
737 3652 829 3717 rebus

99 3756 312 3848 constituere,
334 3776 389 3834 aut
412 3790 554 3836 umorem
577 3767 786 3850 quicumque
809 3773 960 3851 putarunt

98 3885 221 3968 fingere
243 3904 294 3951 res
317 3887 421 3971 ipsum
444 3905 502 3972 per
523 3903 579 3961 se,
603 3888 759 3949 terramve
780 3902 891 3949 creare

102 4157 154 4207 686
174 4155 323 4204 descendere
348 4153 361 4222 ΙΙ
391 4158 440 4205 683
460 4166 571 4207 crearet.
593 4154 606 4226 Η
636 4156 687 4206 690
706 4155 823 4219 iquenem
847 4152 860 4227 Η
892 4157 944 4207 694
962 4153 1114 4205 laebefactat
1136 4148 1149 4220 Η
1176 4154 1225 4201 703

101 4242 203 4313 quidvis
222 4242 361 4293 omissum.
382 4239 394 4308 Η
417 4245 465 4292 708
484 4251 620 4308 putentur.
