2744 4658
159 227 219 290 140
671 214 757 279 ,llll

154 393 216 458 hoc
238 391 311 456 ideo
334 391 402 454 fieri
425 389 511 470 cogit
533 395 663 470 natura,
678 385 763 466 quod
787 405 897 450 omnes

154 506 297 591 corporis
322 506 426 571 offecti
450 524 563 570 sensus
585 521 644 586 per
666 501 810 565 membra
832 499 999 581 quiescunt

157 641 215 686 nec
237 626 371 705 possunt
392 620 506 684 falsum
530 618 614 683 veris
637 616 824 680 convincere
847 614 964 679 rebus.

86 758 135 804 705
161 743 328 820 praeterea
350 735 532 799 meminisse
555 734 637 797 iacet
658 733 852 814 languetque
874 749 1009 814 sopore,

158 871 216 915 nee
240 850 386 916 dissentit
409 869 481 914 eum
505 848 615 912 mortis
637 846 754 928 letique
778 845 910 929 potitum

158 966 219 1029 iarn
243 963 388 1049 pridem,
406 983 498 1045 quem
523 984 612 1026 mens
633 963 738 1027 vivom
761 980 796 1025 se
819 980 948 1025 cernere
971 958 1089 1024 credit.

157 1079 240 1161 quod
264 1099 360 1162 super
383 1086 450 1162 est,
469 1101 532 1142 nou
556 1085 605 1143 est
628 1077 738 1140 mirum
763 1076 932 1140 simulacra
955 1074 1074 1138 moveri

156 1194 371 1275 bracchiaque
394 1195 426 1257 iu
449 1212 613 1257 numerum
637 1191 755 1257 iactare
778 1197 809 1255 ct
832 1196 939 1256 cetera
961 1190 1125 1254 membra.

83 1330 132 1376 770
157 1331 230 1374 naor
253 1310 287 1372 fit
308 1315 342 1372 ut
363 1309 396 1372 in
419 1308 539 1372 somnis
561 1306 666 1371 facere
689 1307 750 1372 hcc
771 1305 916 1371 videatur
936 1303 1065 1390 imago:

158 1425 298 1509 quippe,
315 1424 368 1488 ubi
390 1423 493 1509 prima
516 1421 598 1505 perit
620 1421 750 1504 alioque
773 1428 821 1487 est
842 1421 944 1485 altera
967 1427 1043 1485 nata

160 1539 235 1603 inde
258 1545 364 1622 statu,
380 1538 466 1622 prior
486 1537 539 1600 bic
561 1542 687 1617 gestum
712 1541 853 1624 mutasse
876 1536 1021 1602 videtur.

158 1653 298 1737 scilicet,
314 1653 346 1717 id
368 1652 436 1717 ficri
460 1651 556 1716 celeri
579 1651 701 1714 ratione
722 1651 949 1734 putandumst:

157 1774 245 1831 tanta
267 1774 315 1832 est
336 1767 496 1832 mobilitas
520 1773 551 1832 et
573 1785 676 1831 rerum
700 1767 794 1851 copia
816 1772 923 1843 tanta,

83 1888 310 1964 trstantaque
333 1881 474 1947 sensibili
499 1882 611 1964 quovis
635 1888 683 1947 est
705 1888 847 1967 tempore
869 1882 902 1945 in
925 1902 989 1946 uno

157 1996 251 2080 copia
272 1997 521 2080 particularum,
538 2005 572 2060 ut
593 1998 695 2081 possit
717 1997 942 2081 suppeditare.

197 2109 376 2196 [Multaque
399 2111 433 2174 in
456 2112 505 2176 his
528 2112 623 2176 rebus
647 2117 859 2196 quaeruntur,
876 2112 1042 2195 multaque
1064 2115 1158 2180 nobis

157 2226 391 2309 clarandumst,
408 2228 505 2310 plane
527 2226 554 2289 si
576 2245 626 2290 res
650 2245 809 2309 exponere
832 2247 983 2292 avemus.

158 2340 320 2422 quaeritur
342 2340 375 2403 in
397 2341 507 2425 primis
531 2361 650 2423 quare,
667 2339 753 2422 quod
777 2341 891 2422 cuique
914 2341 1013 2408 libido

84 2476 133 2522 780
157 2454 299 2537 venerit,
317 2454 475 2538 extemplo
498 2474 590 2520 meus
613 2455 730 2536 cogitet
752 2457 819 2522 eius
842 2456 876 2521 id
897 2457 1024 2541 ipsum.

157 2588 241 2633 anne
264 2568 458 2633 voluntatem
483 2575 621 2634 nostram
646 2562 815 2637 simulacra
836 2578 982 2648 tuentur,

157 2688 187 2747 et
209 2684 303 2748 simul
326 2704 363 2748 ac
385 2686 530 2750 uolumus
552 2686 645 2751 nobis
668 2687 804 2751 occurrit
826 2682 963 2767 imago?

84 2819 132 2867 795
158 2799 242 2880 quod
265 2800 420 2864 sentimus
442 2800 475 2863 id
498 2808 566 2884 est,
584 2822 653 2865 cum
677 2821 739 2864 vox
763 2801 913 2864 emittitur
935 2823 1019 2886 una,

83 2934 131 2980 783
158 2914 184 2979 si
206 2934 313 2998 mare,
331 2915 358 2978 si
381 2921 498 2978 terram
521 2914 660 2990 eordist,
676 2914 703 2980 s'i
726 2914 863 2998 denique
887 2917 1038 2982 eaelum?

157 3034 332 3093 conventus
354 3027 537 3110 hominum,
552 3049 723 3114 pompam,
740 3030 905 3115 convivia,
921 3052 1068 3116 pugnae,

85 3163 133 3210 785
160 3142 268 3206 omnia
290 3142 349 3207 sub
371 3143 512 3207 verbone
535 3149 622 3207 creat
643 3151 759 3209 natura
781 3145 968 3228 paratque?

158 3277 229 3322 cum
250 3257 438 3340 praesertim
463 3257 535 3322 aliis
559 3258 672 3323 eadem
695 3259 728 3323 in
751 3259 884 3341 regione
906 3261 1042 3342 locoque

157 3370 253 3454 longe
277 3371 441 3437 dissimilis
464 3372 589 3443 animus
612 3394 663 3437 res
686 3373 805 3455 cogitet
827 3377 952 3439 omnis.

159 3486 234 3566 quid
257 3506 373 3570 porro,
389 3486 422 3550 in
446 3507 610 3551 numerum
633 3487 808 3571 procedere
831 3510 901 3555 cum
924 3490 1096 3556 simulacra

158 3601 316 3666 cernimus
338 3601 371 3664 in
394 3601 515 3667 somnis
539 3609 571 3667 et
593 3603 704 3668 mollia
727 3605 868 3670 membra
890 3626 1037 3688 movere,

85 3736 133 3783 700
158 3715 287 3800 mollia,
305 3716 463 3781 mobiliter
482 3736 553 3781 cum
576 3718 708 3783 alternis
731 3719 881 3785 bracchia
903 3722 1027 3785 mittunt

160 3834 192 3896 et
212 3832 351 3897 referunt
373 3831 473 3897 oculis
496 3839 619 3916 gestum
642 3833 726 3917 pede
748 3835 975 3901 convenienti?

158 3945 298 4031 scilicet,
316 3952 384 4012 arte
406 3946 537 4013 madent
559 3948 732 4013 simulacra
755 3954 786 4014 et
808 3949 903 4016 docta
924 3957 1100 4033 vagantur,

165 4201 213 4247 766
233 4198 322 4261 litiquc
343 4194 355 4265 Η
378 4200 427 4247 795
447 4198 625 4248 consentimus
646 4197 658 4267 d
680 4203 727 4250 791
748 4208 863 4263 repetunt
