2744 4658
161 249 204 315 90
703 241 766 311 llI¹

161 414 246 497 qnod
269 437 372 498 genus
395 438 413 482 3
434 418 535 483 thuris
558 417 683 499 glaebis
707 415 843 482 evellere
866 416 997 481 odorem

161 531 247 595 hand
271 531 366 596 facile
388 539 457 609 est,
474 533 551 615 quin
573 533 709 597 intereat
731 535 846 594 natura
868 550 994 612 quoque
1017 529 1105 596 eius.

163 645 209 710 sic
231 646 330 709 animi
352 654 450 728 atque
473 647 599 712 animae
622 652 768 711 naturam
791 664 924 728 corpore
946 652 1011 709 toto

87 779 137 826 330
163 759 328 826 extrahere
351 760 429 824 haut
451 759 546 826 facile
570 767 636 844 est,
655 760 732 842 quin
755 759 862 824 omnia
885 758 1121 824 dissoluantur.

162 874 299 957 inplexis
321 875 366 938 ita
388 874 552 960 principiis
574 876 616 940 ab
640 875 763 958 origine
785 873 889 956 prima

162 989 243 1052 inter
265 1008 300 1052 se
323 989 401 1053 fiunt
424 991 564 1055 consorti
587 989 734 1074 praedita
755 988 840 1071 vita,

163 1122 224 1168 nec
247 1102 306 1166 sibi
331 1122 477 1184 quaeque
500 1104 568 1168 sine
592 1104 726 1169 alterius
748 1103 781 1167 vi
802 1122 898 1186 posse
921 1103 1045 1168 videtur

162 1218 303 1302 corporis
328 1224 424 1299 atquc
447 1219 542 1282 animi
566 1238 708 1284 seorsum
732 1217 849 1282 sentire
871 1224 1037 1301 potestas,

88 1353 138 1400 333
165 1333 222 1397 sed
246 1334 465 1397 communibus
486 1336 570 1397 inter
592 1354 648 1399 cas
672 1332 827 1397 conflatur
848 1332 1003 1414 utrimque

163 1448 299 1513 motibus
322 1467 475 1511 accensus
498 1448 590 1512 nobis
613 1468 671 1531 per
689 1448 816 1511 uiscera
839 1467 972 1512 seusus.

160 1568 328 1646 practerea
350 1581 465 1644 corpus
486 1582 546 1645 per
568 1582 602 1626 se
625 1582 684 1626 neo
706 1563 848 1644 gignitur
869 1558 1020 1643 umquam

161 1697 221 1741 nec
244 1676 358 1740 crescit
380 1695 484 1756 neque
507 1682 580 1759 post
603 1682 736 1741 mortem
759 1676 876 1742 durare
898 1677 1043 1741 ridetur.

161 1814 224 1858 non
248 1791 330 1854 enim
345 1842 352 1868 ‚
369 1796 403 1854 ut
426 1812 516 1855 umor
538 1811 642 1872 aquae
665 1791 794 1855 dimittit
816 1811 914 1875 saepe
936 1812 1110 1875 vaporem,

86 1929 135 1975 340
161 1909 215 1989 qni
237 1905 332 1971 datus
356 1912 424 1990 331,
444 1926 549 1987 neque
573 1927 612 1971 ea
634 1927 731 1971 oausa
753 1906 942 1971 convellitur
964 1907 1052 1990 ipse,

160 2022 215 2086 sed
239 2029 347 2086 manet
368 2022 557 2099 incolumis,
574 2042 659 2105 non,
676 2021 827 2103 inquam,
844 2021 890 2086 sio
912 2022 1031 2085 animai

159 2136 327 2201 discidium
350 2144 484 2219 possunt
506 2143 594 2200 artus
619 2134 762 2222 perferre
784 2136 905 2210 relicti,

160 2250 218 2326 sed
244 2251 370 2332 penitus
393 2256 525 2333 pereunt
547 2250 690 2314 convulsi
714 2270 837 2332 conque
859 2257 1063 2332 putrescunt.

159 2384 199 2427 ex
221 2365 352 2428 ineunte
375 2385 456 2429 aevo
479 2365 525 2429 sio
548 2365 689 2447 corporis
711 2371 806 2447 atque
829 2365 947 2430 animai

84 2502 134 2549 345
160 2488 270 2544 mutua
292 2481 400 2545 vitalis
423 2480 549 2544 discunt
571 2481 720 2561 contagia
742 2487 866 2558 313133,

159 2595 312 2659 maternis
336 2596 430 2658 etiam
454 2596 603 2661 membris
626 2597 764 2678 alvoque
786 2604 934 2678 reposta,
1044 2673 1054 2693 ι

160 2710 328 2774 discidium
352 2716 387 2774 ut
409 2718 548 2794 nequeat
569 2711 637 2776 fieri
661 2713 729 2776 3133
752 2717 841 2794 33313
864 2711 1032 2793 maloque3

160 2833 193 2889 ut
215 2824 346 2909 videas,
364 2828 514 2907 quoniam
539 2828 737 2891 coniunctast
760 2844 858 2889 eausa
880 2827 1011 2910 salutis,

160 2942 360 3005 coniunctam
384 2960 511 3023 quoqne
535 2947 679 3004 naturam
704 2939 876 3004 consistere
899 2959 1029 3004 eorum.

85 3076 134 3122 350
205 3056 316 3141 [ouon
340 3074 436 3138 snper
458 3062 526 3138 est,
544 3056 643 3138 siquis
664 3074 779 3139 corpus
801 3055 920 3119 sentire
942 3055 1024 3120 reiut
1046 3063 1078 3132 1,

159 3178 254 3250 atque
277 3170 417 3233 animam
442 3170 540 3234 credit
562 3170 752 3253 permixtam
776 3190 910 3253 corpore
932 3177 998 3235 toto

160 3285 323 3369 suscipere
346 3285 428 3348 hunc
451 3291 570 3350 motum
594 3306 687 3367 quem
710 3304 837 3349 sensnm
861 3285 1108 3362 nominitamus,

159 3399 208 3463 vel
233 3399 420 3464 manifestas
441 3421 494 3464 res
517 3405 628 3464 eontra
650 3419 810 3482 verasque
832 3405 1010 3483 repugnat.

161 3513 238 3595 quid
261 3515 303 3579 sit
324 3515 406 3579 enim
430 3534 544 3597 corpus
567 3514 684 3580 sentire
707 3514 779 3597 quis
801 3512 927 3578 adferet
947 3534 1119 3597 umquam,

84 3649 134 3695 333
160 3628 274 3693 sinon
297 3629 368 3713 ipsa
390 3631 495 3714 palam
520 3628 606 3711 qnod
629 3649 680 3693 res
703 3628 790 3694 dedit
813 3649 852 3694 ac
873 3628 981 3694 docuit
1001 3631 1088 3694 nos?

159 3749 194 3808 at
216 3743 348 3809 dimissa
370 3745 477 3809 anima
499 3765 613 3828 corpus
636 3750 724 3809 caret
746 3744 886 3827 undique
908 3764 1023 3810 sensu:

163 4016 213 4063 330
233 4024 276 4063 aut
296 4010 308 4080 11
330 4015 379 4061 332
399 4015 511 4063 consorti
531 4015 593 4063 tiuut
614 4011 626 4082 11
647 4015 729 4062 ritae.
751 4012 763 4080 11
785 4016 835 4064 335
855 4030 898 4064 333
918 4010 930 4080 ll
953 4016 1002 4063 346
1019 4022 1137 4077 reposto.
1157 4010 1171 4082 ΙΙ
1193 4016 1242 4063 347
1257 4022 1285 4064 31

165 4118 285 4150 3333333
299 4137 304 4148 .
