2744 4658
159 256 219 319 130
692 245 748 308 1111

80 444 130 491 455
155 429 220 486 tum
245 420 380 503 vigilare
402 425 511 484 tamen
533 417 626 484 nobis
649 423 680 482 et
701 416 845 481 membra
867 435 995 482 movere

156 544 265 604 nostra
287 534 451 612 videmur,
468 542 500 600 et
521 535 553 599 in
577 512 679 599 noctis
702 533 840 616 caligine
863 552 963 597 caeca

157 673 287 718 cernere
310 658 478 718 censemus
501 650 601 715 solem
625 650 795 732 lumenque
819 649 985 731 diurnum,

160 770 375 850 conclusoque
399 769 470 834 ioco
495 770 619 833 caelum
641 788 730 832 mare
752 765 883 829 flumina
905 763 1021 828 montis

157 891 280 949 mutare
303 890 333 948 et
356 904 486 968 campos
508 884 645 969 pedibus
667 883 803 948 transire
825 881 991 964 videmur,

83 1023 134 1069 400
160 1007 192 1066 et
215 1001 335 1065 sonitus
358 1001 491 1085 audire,
508 1020 621 1066 severa
644 999 772 1065 silentia
794 999 894 1064 noctis

159 1116 302 1197 undique
325 1137 395 1181 oum
419 1121 583 1193 constent,
599 1121 630 1181 et
654 1115 788 1181 reddere
812 1116 896 1178 diota
918 1118 1079 1178 tacentes,

159 1239 265 1296 cetera
289 1230 328 1296 de
350 1251 468 1312 genere
490 1231 551 1296 hoo
573 1231 695 1296 miracti
717 1231 819 1295 multa
841 1229 1006 1305 videram,

161 1367 242 1428 quac
265 1346 385 1411 violare
408 1347 503 1412 fidem
526 1346 620 1428 quasi
644 1346 791 1410 sensibus
813 1346 922 1410 omnia
945 1346 1122 1426 quaeruut,

159 1481 200 1525 nc
225 1461 397 1543 quiquam,
415 1462 566 1542 quoniam
587 1481 663 1545 pars
685 1462 798 1524 horum
821 1459 963 1524 maxima
985 1457 1068 1521 fallit

85 1599 136 1644 400
160 1582 291 1660 proptor
314 1577 460 1660 opinatus
484 1577 604 1653 animi,
621 1582 701 1657 quos
725 1575 872 1640 addimus
894 1574 977 1657 ipsi,

160 1713 216 1774 pro
240 1691 316 1757 visis
339 1699 373 1757 ut
397 1693 459 1757 sint
482 1712 565 1774 quac
588 1712 653 1756 non
676 1698 749 1756 suut
771 1689 909 1757 sensibu'
933 1690 1025 1754 visa:

161 1828 237 1896 nam
260 1809 304 1873 nil
327 1809 455 1891 aegrius
480 1816 528 1874 est
550 1829 647 1890 quam
670 1827 723 1872 res
746 1827 915 1873 secernere
939 1810 1068 1889 apertas

161 1924 202 1987 ab
227 1923 352 2010 dubiis,
370 1925 495 1990 animus
518 1933 598 2008 quas
620 1925 662 1990 ab
686 1945 721 1990 se
743 1924 887 2006 protinus
910 1921 1020 1987 addit.

199 2041 348 2121 Denique
371 2041 415 2104 nil
439 2041 511 2105 sciri
535 2041 634 2123 siquis
657 2046 767 2124 putat,
785 2039 817 2102 id
841 2057 967 2121 quoquc
991 2035 1093 2101 nescit

86 2175 138 2220 4ῑο
164 2175 205 2217 an
228 2154 301 2218 sciri
324 2155 446 2239 possit,
463 2156 614 2236 quoniam
637 2156 680 2219 nii
703 2155 784 2219 scire
807 2153 943 2218 fatetur.
984 2206 990 2215 .

161 2267 245 2332 hunc
267 2269 364 2349 igitur
386 2275 498 2334 contra
520 2270 643 2334 mittam
667 2268 858 2334 contendere
882 2288 1033 2350 causam,

164 2383 218 2464 qui
242 2384 346 2467 capite
370 2384 439 2468 ipse
463 2406 522 2450 sua
544 2386 577 2449 iu
599 2385 708 2450 statuit
729 2384 865 2468 vestigia
887 2403 980 2448 sese.

164 2502 194 2560 et
216 2501 324 2561 tamen
346 2498 407 2563 hoc
430 2521 558 2584 quoque
579 2501 625 2564 uti
649 2501 821 2566 concedam
845 2499 945 2582 scire,
962 2503 996 2562 at
1018 2499 1051 2563 id
1072 2498 1178 2582 ipsum

165 2632 336 2699 quaeram,
355 2636 425 2680 oum
447 2617 480 2680 iu
501 2599 596 2681 rebus
618 2616 684 2681 veri
708 2616 754 2679 nil
776 2615 891 2679 viderit
912 2619 1009 2688 ante,

88 2747 138 2793 rra
165 2727 250 2792 unde
274 2729 353 2793 sciat
376 2731 453 2812 quid
475 2733 516 2796 sit
538 2732 619 2797 scire
642 2706 677 2796 et
696 2729 818 2794 nescire
841 2729 1000 2813 vicissim,

164 2843 310 2906 notitiam
332 2845 398 2910 veri
422 2865 577 2927 quaeres
600 2845 739 2925 falsique
763 2842 896 2924 crearit,

165 2964 197 3021 et
219 2958 349 3021 dubium
373 2964 460 3023 certo
483 2979 566 3040 quae
590 2978 641 3024 res
663 2959 789 3022 differre
812 2958 972 3041 probarit.

165 3071 307 3135 invenies
331 3071 441 3154 primis
464 3073 503 3136 ab
526 3073 673 3139 sensibus
696 3079 767 3139 esse
790 3079 929 3137 creatam

165 3184 309 3247 notitiem
329 3185 419 3268 veri,
436 3207 539 3270 ncque
562 3207 676 3253 sensus
699 3208 795 3271 posse
817 3187 940 3252 refelli.

91 3315 142 3362 rso
166 3316 238 3359 uam
262 3300 380 3363 maiore
403 3300 465 3367 fide
489 3302 584 3367 debet
605 3302 773 3386 reperirier
794 3303 894 3378 illud,

166 3416 280 3493 sponte
303 3434 363 3478 sua
385 3417 469 3481 veris
493 3418 579 3498 quod
601 3417 703 3502 possit
724 3417 851 3482 vincere
874 3416 979 3481 falsa:

166 3525 241 3606 quid
264 3528 382 3593 maiore
405 3530 466 3596 fide
488 3552 584 3615 porro
607 3552 704 3614 quam
726 3551 839 3596 seusus
862 3532 975 3596 haberi

166 3637 288 3703 debet?
304 3665 346 3707 au
368 3646 408 3710 ab
432 3665 528 3710 seusu
549 3646 631 3710 falso
655 3646 735 3710 ratio
760 3650 830 3710 orta
851 3647 972 3710 valebit

165 3753 272 3820 dicere
296 3776 352 3821 eos
377 3764 507 3843 contra,
524 3779 607 3840 quae
629 3764 698 3823 tota
719 3761 760 3824 ab
783 3762 930 3826 sensibus
953 3767 1024 3825 orta
1047 3760 1123 3826 est?

89 3886 139 3933 480
166 3869 218 3950 qui
241 3870 303 3934 nisi
327 3878 400 3935 sunt
422 3873 508 3957 veri,
525 3873 606 3937 ratio
631 3894 757 3956 quoque
780 3875 862 3941 salsa
884 3876 919 3940 fit
940 3876 1063 3941 omnis.

166 4140 217 4185 aad
237 4139 351 4188 rideatur
375 4136 387 4207 Η
413 4141 464 4187 too
484 4142 594 4190 montis.
609 4139 633 4210 Η
659 4145 710 4190 462
728 4143 843 4191 mirande
865 4139 877 4210 Η
897 4147 946 4191 471
967 4143 1073 4191 mituam
1097 4140 1111 4210 ss
1137 4146 1188 4194 472
1207 4161 1253 4194 suo
1273 4141 1288 4213 ΙΙ

168 4228 219 4272 475
239 4227 370 4274 vicissem.
393 4223 406 4293 Η
426 4229 476 4274 4ῖ9
496 4243 569 4276 sensu
