2744 4658
168 245 209 310 92
705 240 751 306 111

168 412 221 493 qui
243 411 342 476 nimia
362 412 490 477 levitate
513 411 629 477 cadunt
650 413 837 496 plerumque
859 411 1036 493 gravatim,

168 545 229 590 nec
250 527 392 610 repentis
414 527 489 591 itum
515 527 653 592 cuiusvis
676 546 810 607 cumque
833 526 1006 591 animantis

167 642 339 719 sentimus,
356 661 416 706 nec
437 643 529 736 priva
550 642 667 727 pedum
690 640 828 723 vestigia
851 660 1018 725 quaeque,

94 775 144 823 aso
168 776 301 840 corpore
325 757 461 837 quaein
485 763 594 823 nostro
619 758 736 822 culices
759 761 790 820 et
812 763 919 821 cetera
941 763 1083 840 ponunt.

169 891 269 953 usque
292 871 375 937 adeo
398 873 486 955 prius
508 879 557 938 est
579 873 612 937 in
635 872 727 936 nobis
749 871 849 934 multa
871 869 1016 936 ciendum

94 1007 144 1053 393
170 986 292 1051 semina
316 988 500 1072 corporibus
524 989 640 1053 nostris
662 986 795 1050 inmixta
816 1005 874 1069 per
896 993 1003 1062 artus,

93 1121 143 1167 392
170 1121 266 1183 quam
288 1102 462 1184 primordia
484 1102 659 1167 sentiscant
682 1121 837 1165 concussa
860 1100 979 1164 animai

93 1236 144 1282 304
169 1224 200 1281 et
223 1237 317 1298 quarn
341 1218 374 1280 in
396 1216 445 1281 his
467 1215 644 1281 intervallis
668 1215 835 1280 tuditantia
856 1214 982 1299 possint

168 1349 358 1396 concursare
381 1332 466 1396 coire
489 1338 520 1395 et
543 1329 713 1395 dissultare
734 1329 892 1394 vicissim.

208 1445 248 1507 Et
268 1447 373 1527 magis
396 1453 444 1510 est
466 1445 591 1510 animus
614 1444 691 1509 vitai
715 1445 854 1511 claustra
876 1452 1025 1509 coercens

168 1567 199 1623 et
222 1559 435 1624 dominantior
457 1561 498 1623 ad
520 1560 620 1624 vitam
642 1579 739 1642 quam
763 1560 811 1622 vis
834 1558 973 1623 animai.

169 1695 243 1738 nam
268 1675 336 1738 sine
359 1679 463 1738 mente
486 1673 656 1754 animoque
680 1673 789 1754 nequit
810 1673 951 1738 residere
974 1693 1032 1757 per
1044 1678 1140 1738 artus

167 1790 320 1874 temporis
343 1789 492 1873 exiguam
515 1794 636 1871 partem
659 1808 734 1871 pars
757 1788 823 1851 ulla
845 1789 986 1871 animai,
1052 1823 1054 1826 ⁴

92 1925 143 1971 400
168 1904 227 1969 sed
249 1925 356 1970 comes
379 1903 556 1986 insequitur
577 1902 672 1968 facile
695 1909 726 1967 et
748 1902 883 1967 discedit
904 1904 936 1966 in
960 1923 1055 1968 auras

168 2026 199 2083 et
212 2020 346 2100 'gelidos
369 2026 455 2083 artus
477 2019 509 2081 in
532 2019 587 2082 leti
609 2018 728 2101 frigore
747 2017 881 2098 linquit.

169 2141 201 2197 at
223 2140 331 2197 manet
352 2134 385 2196 in
409 2134 473 2195 vita
497 2133 545 2196 cui
568 2150 657 2196 mens
681 2133 869 2213 animusque
894 2133 1064 2196 remansit.

169 2247 314 2331 quamvis
337 2253 386 2310 est
408 2246 523 2309 circum
547 2246 652 2310 eaesis
674 2246 762 2331 lacer
784 2246 924 2327 undique
947 2247 1096 2313 membris

168 2371 316 2439 truncus,
334 2361 484 2444 adempta
507 2360 614 2424 anima
637 2360 751 2425 circum
775 2361 991 2444 membrisque
1013 2366 1135 2426 remota

93 2499 143 2546 400
168 2479 245 2542 vivit
267 2482 298 2542 et
320 2453 426 2540 aerias
448 2475 554 2540 vitalis
578 2476 707 2559 suscipit
730 2497 850 2541 auras:

169 2592 195 2656 si
220 2612 283 2656 non
309 2591 521 2675 omnimodis,
538 2597 572 2656 at
595 2612 712 2674 magna
734 2598 825 2675 parte
848 2590 967 2656 animai

168 2707 330 2790 privatus,
348 2713 453 2770 tamen
475 2706 508 2770 in
531 2708 595 2771 vita
617 2714 779 2772 cunctatur
802 2713 834 2772 et
854 2707 984 2783 haeret;

168 2830 221 2905 ut,
239 2823 379 2887 lacerato
403 2821 494 2886 oculo
519 2822 636 2886 circum
659 2823 686 2886 si
710 2822 827 2905 pupula
849 2820 966 2885 mansit

167 2906 355 3018 incolumis,
372 2943 436 3001 stat
459 2936 608 2999 cernundi
631 2934 739 3001 vivata
762 2942 925 3020 potestas,

93 3074 144 3119 440
170 3052 243 3116 dum
267 3050 361 3113 modo
385 3070 426 3114 ne
450 3055 548 3113 totum
571 3070 756 3134 corrumpas
778 3050 906 3116 luminis
930 3052 1058 3134 orbern,

169 3173 200 3230 et
222 3164 337 3229 circum
360 3164 477 3228 caedas
499 3165 600 3230 aciem
622 3167 791 3248 solamque
814 3166 996 3248 relinquas:

94 3303 144 3349 413
169 3286 204 3345 at
226 3279 253 3343 si
276 3279 399 3343 tantula
422 3300 497 3363 pars
520 3281 602 3344 oculi
624 3281 732 3345 media
754 3281 810 3345 illa
832 3301 945 3364 peresa
967 3286 1035 3363 est,

169 3393 285 3459 oceidit
307 3396 466 3479 extemplo
489 3396 597 3460 lumen
619 3397 833 3478 tenebraeque
856 3400 1025 3462 secuntur.

95 3533 146 3578 416
170 3509 231 3574 hoo
253 3509 363 3574 anima
384 3514 480 3591 atque
503 3510 627 3576 animus
649 3512 745 3578 vincti
767 3518 840 3576 sunt
861 3511 990 3576 loedere
1012 3528 1157 3592 semper.

208 3627 300 3689 Nune
322 3644 403 3709 age,
420 3624 547 3690 nativos
570 3626 785 3691 animantibus
808 3632 839 3691 et
860 3624 1005 3690 mortalis

173 3960 221 4006 391
243 3958 349 4008 ciendo.
375 3954 388 4025 Η
415 3960 466 4007 304
484 3957 517 4007 Et
535 3959 635 4020 quantis
661 3955 675 4026 Η
700 3959 749 4006 399
769 3956 882 4020 exigiam
908 3954 920 4023 Η
946 3959 1030 4006 4000
1055 3952 1068 4024 ll
1091 3958 1258 4006 maerorum
1279 3952 1292 4023 Η

173 4048 223 4094 404
242 4053 339 4095 remot.
361 4041 374 4112 ll
398 4048 448 4094 405
468 4045 592 4094 aetherias
616 4041 629 4111 ll
654 4047 704 4092 412
723 4044 753 4092 Id
772 4058 873 4105 quoque
891 4043 959 4091 enim
977 4043 1031 4091 sine
1048 4042 1162 4105 pernicie
1180 4059 1232 4098 non
1250 4045 1294 4094 tiet

173 4147 276 4182 eorum.
307 4129 320 4200 ll
349 4133 400 4181 415
423 4131 562 4181 Incolumis
580 4131 694 4193 quamvis
712 4131 810 4193 alioqui
828 4130 973 4194 splendidus
996 4129 1080 4179 orbis.
1110 4129 1122 4196 Η
1152 4133 1202 4178 417
1226 4146 1293 4179 mor·

174 4221 283 4269 talibus.
