2744 4658
136 422 287 488 omnibus
312 443 384 488 esse
405 423 502 504 igitur
524 427 608 487 totas
630 422 771 487 dicemus
795 423 912 488 inillis

57 558 110 608 665
137 532 307 624 particulis
330 537 482 602 animas?
501 543 534 602 at
555 558 594 602 ea
616 539 740 603 ratione
762 543 912 620 sequetur

138 674 237 718 unam
260 653 454 718 animantem
478 654 603 719 animas
625 652 776 718 habuisse
799 654 985 737 incorpore
1009 657 1146 721 multas.

138 789 217 850 ergo
241 768 374 833 divisast
395 788 435 833 ea
458 789 542 851 quae
564 768 624 832 fuit
646 790 710 833 una
733 769 828 833 simul
851 789 922 834 eum

73 890 84 917 ⁸
138 904 294 968 eorpore;
310 905 374 967 qua
395 888 525 967 propter
548 885 682 948 mortale
704 892 871 966 utrumque
893 886 1121 970 putandumst,

137 999 172 1063 in
194 999 312 1063 multas
336 997 487 1079 quoniam
509 998 609 1082 partis
633 999 797 1064 disciditur
820 1019 941 1081 aeque.

53 1139 112 1186 670
184 1115 356 1178 Praeterea
379 1113 405 1176 si
428 1113 605 1179 inmortalis
627 1121 744 1178 natura
766 1115 886 1179 animai

138 1234 267 1296 constat
289 1233 320 1292 et
340 1228 373 1292 in
397 1249 511 1312 eorpus
533 1229 737 1293 nascentibus
758 1230 957 1315 insinuatur,

137 1365 196 1412 our
218 1350 409 1429 superante
431 1349 533 1408 aotam
556 1349 693 1408 aetatem
717 1345 898 1410 meminisse
924 1348 1111 1433 nequimus,

139 1480 200 1526 nee
222 1459 361 1544 vestigia
383 1464 544 1541 gestarum
566 1479 671 1523 rerum
693 1460 761 1523 ulla
784 1464 960 1527 tenemus?

136 1595 213 1640 narn
238 1563 265 1640 si
288 1579 376 1640 tanto
399 1581 527 1659 operest
549 1574 647 1639 animi
669 1580 792 1639 mutata
814 1580 976 1659 potestas,

59 1713 114 1761 675
140 1689 245 1755 omnis
266 1697 302 1755 nt
323 1695 467 1754 aeterum
489 1689 643 1754 exciderit
664 1689 833 1755 retinentia
854 1712 980 1771 rerum,

140 1825 225 1883 non,
241 1811 275 1870 ut
297 1805 431 1890 opinor,
447 1805 480 1868 id
504 1825 524 1868 a
545 1805 609 1870 leto
632 1805 696 1867 iarn
720 1806 857 1889 iongiter
881 1815 987 1894 errat;

145 1928 358 2006 quapropter
380 1920 504 1984 fateare
526 1927 689 1985 necessest
711 1940 793 2002 quae
816 1921 875 1985 fuit
896 1928 970 1987 ante

141 2035 320 2114 interiisse,
336 2041 368 2100 et
391 2055 473 2118 quae
496 2055 581 2100 nune
603 2040 651 2100 est
673 2055 758 2101 nune
779 2056 850 2101 esse
873 2043 1033 2104 creatam.

184 2153 356 2217 Praeterea
380 2151 406 2215 si
429 2151 492 2215 iarn
515 2149 658 2235 perfeeto
682 2171 816 2235 eorpore
838 2127 964 2218 nobis'

63 2288 117 2336 666
141 2265 253 2332 inferri
275 2266 403 2331 solitast
425 2265 523 2330 animi
544 2266 653 2331 vivata
674 2271 817 2350 potestas

140 2388 207 2446 turn
230 2402 301 2446 oum
323 2380 485 2464 gignimur
507 2387 537 2445 et
559 2381 645 2445 vitae
669 2401 740 2446 eum
762 2382 859 2448 limen
880 2384 1018 2472 inimus,

141 2497 230 2563 baud
247 2497 294 2562 ita
315 2494 524 2561 conveniebat
546 2496 591 2558 uti
614 2515 685 2559 oum
709 2518 842 2581 corpore
866 2506 896 2563 et
918 2520 1006 2566 una¹

142 2634 214 2678 oum
236 2612 386 2678 membris
407 2610 555 2676 videatur
577 2610 609 2674 in
631 2610 701 2694 ipso
726 2613 884 2693 sanguiue
908 2634 1034 2700 oresse,

141 2729 200 2795 sed
222 2729 273 2793 vel
296 2727 385 2791 utin
409 2746 511 2792 eavea
533 2746 592 2811 per
614 2746 649 2791 se
672 2726 734 2793 sibi
756 2726 865 2792 vivere
889 2727 991 2791 solam
1033 2756 1039 2767 ·

63 2869 117 2917 686
144 2843 312 2928 convenit,
330 2848 365 2906 ut
387 2862 483 2907 sensu
506 2863 620 2927 eorpus
643 2849 751 2909 tamen
774 2848 883 2908 aroeat
906 2863 1019 2910 omne.

64 2984 118 3032 666
145 2960 231 3045 quod
251 2959 320 3024 fieri
340 2963 442 3023 totum
465 2962 576 3021 eontra
597 2958 767 3024 manifesta
791 2959 884 3025 doeet
905 2979 978 3025 res:

142 3094 282 3157 namque
304 3075 350 3139 ita
373 3092 497 3138 oonexa
521 3077 570 3137 est
591 3094 649 3158 per
670 3093 769 3138 venas
792 3074 918 3140 viseera
940 3095 1057 3143 nervos

142 3209 301 3273 ossaque,
317 3188 361 3252 uti
386 3187 498 3252 dentes
522 3209 649 3272 quoque
672 3209 769 3254 sensu
790 3188 1058 3285 participentur3·

143 3324 270 3371 morsus
292 3310 326 3368 ut
347 3302 488 3388 indieat,
506 3309 537 3368 et
558 3303 678 3387 gelidai
701 3305 841 3387 stringor
863 3304 978 3387 aquai,

145 3428 177 3485 et
197 3420 282 3505 lapis
305 3439 477 3504 expressus
500 3417 630 3484 subiens
652 3436 671 3484 e
692 3420 837 3502 frugibus
860 3430 974 3505 asper.

68 3561 120 3609 666
146 3557 246 3618 quare
269 3540 366 3606 etiam
389 3545 485 3619 atque
508 3535 605 3599 etiarn
628 3552 733 3617 neque
754 3530 890 3619 'originis
912 3555 984 3602 esse
1005 3537 1211 3621 putandumst

147 3656 287 3741 expertis
310 3655 436 3720 animas
458 3671 517 3717 neo
539 3649 592 3714 leti
616 3649 689 3732 iege
713 3650 855 3715 solutas:

145 3790 220 3835 nam
243 3788 349 3853 neque
370 3775 460 3834 tanto
484 3784 580 3852 opere
603 3764 730 3830 adnecti
751 3767 893 3849 potuisse
916 3765 1124 3851 putandumst

146 3886 331 3970 emporibus
353 3885 472 3951 nostris
494 3882 690 3950 extrinsecus
710 3880 913 3966 insinuatas,

152 4063 202 4111 669
221 4061 319 4110 animas
338 4060 394 4110 bis.
421 4056 434 4127 Η
460 4062 511 4109 674
530 4074 607 4123 opere
626 4058 729 4107 animist
753 4055 767 4126 Η
792 4059 841 4106 676
862 4057 893 4105 ab
918 4051 931 4125 Η
957 4057 1059 4121 longius
1085 4053 1098 4124 Η
1128 4057 1178 4105 680
1197 4055 1273 4106 solite

151 4149 255 4199 euimist
280 4144 294 4215 Η
320 4150 370 4197 685
390 4147 469 4197 afluat
493 4142 505 4214 Η
533 4148 580 4196 691
601 4145 699 4198 viscera
716 4161 760 4211 per
778 4159 854 4194 venas
879 4147 891 4217 Η
920 4148 969 4200 693
989 4144 1094 4197 Morbus
1118 4139 1131 4212 Η
1156 4158 1236 4206 aque.
1258 4137 1271 4215 Η

152 4238 203 4287 694
222 4252 354 4305 oppressus
372 4236 462 4289 subitis
