2744 4658
679 228 737 293 1111

146 400 200 469 liet
221 401 287 482 ila,
304 408 378 468 ante
400 403 512 468 oculus
533 402 630 468 tuterit
652 402 705 486 qui
728 402 859 488 dexter,
875 408 909 467 ut
930 402 1015 468 idem

69 538 119 587 cn5
145 539 231 584 nuno
253 519 295 584 sit
317 519 445 603 laevus,
462 524 493 583 et
516 538 533 583 e
554 519 649 584 laevo
673 518 713 582 sit
735 524 844 583 mutua
867 519 999 584 dexter».

143 632 180 699 lit
202 653 330 716 quoque
351 632 392 698 de
414 634 544 720 speculo
567 633 600 698 in
623 634 788 718 speculum
810 639 844 698 ut
866 635 1010 699 tradatur
1031 636 1158 722 imago,

145 749 289 834 quinque
312 749 406 815 etiam
428 757 484 816 aut
504 770 563 816 sex
586 756 619 813 ut
640 750 707 815 fieri
731 751 903 816 simulacra
926 753 1064 817 suerint.

144 885 220 930 narn
244 883 484 947 quaecumque
507 872 590 930 retro
613 873 702 950 parte
726 866 875 930 interiore
900 866 1062 952 latebunt,

142 980 222 1045 inde
245 985 372 1058 tamen,
389 981 534 1062 quamvis
556 985 636 1044 torte
658 980 847 1064 penitusque
870 988 1011 1058 remota,

68 1116 116 1165 tao
143 1095 254 1160 omnia
275 1113 333 1177 per
354 1093 456 1159 flexos
478 1095 583 1159 aditus
605 1094 720 1161 educta
744 1096 850 1160 licebit

142 1208 293 1294 pluribus
314 1208 397 1274 haec
419 1211 559 1293 speculis
582 1211 750 1276 videantur
771 1210 804 1272 in
827 1210 964 1276 aedibus
987 1232 1077 1277 esse.

143 1346 250 1411 usque
272 1327 356 1393 adeo
379 1329 509 1412 speculo
532 1329 565 1392 iu
587 1326 751 1411 speculum
773 1325 950 1391 translucet
972 1327 1100 1410 imago,

144 1449 272 1508 etcum
294 1443 389 1509 laeva
411 1445 487 1508 data
510 1450 578 1519 est,
594 1442 629 1505 fit
651 1463 758 1507 rusum
782 1448 816 1505 ut
837 1442 969 1507 dextera
990 1443 1064 1526 dat,

140 1557 221 1624 inde
244 1565 327 1624 retro
350 1550 474 1623 rursum
497 1557 581 1623 redit
603 1564 635 1622 et
657 1559 851 1624 convertitur
874 1559 1007 1625 eodem.

68 1695 117 1743 335
143 1674 221 1757 quin
244 1673 341 1739 etiarn
364 1693 447 1755 quae
470 1693 604 1754 cumque
627 1674 787 1739 latuscula
810 1679 882 1738 suut
905 1676 1105 1758 speculorum

145 1788 287 1855 adsimili
309 1789 422 1854 lateris
445 1789 566 1853 flexura
587 1788 734 1872 praedita
756 1791 876 1868 nostri,

148 1904 278 1971 dextera
300 1911 491 1988 eapropter
513 1905 606 1970 uobis
629 1905 801 1968 simulacra
823 1905 1006 1983 remittunt,

147 2025 200 2085 aut
220 2020 297 2103 quia
319 2019 360 2085 de
383 2020 523 2104 speculo
536 2019 568 2082 in
591 2020 756 2102 speculum
779 2020 967 2085 transfertur
988 2022 1118 2106 imago,

143 2134 220 2201 inde
243 2134 285 2200 ad
308 2155 367 2200 uos
390 2135 469 2200 elisa
491 2135 541 2199 bis
564 2135 712 2213 advolat,
729 2142 784 2199 aut
807 2136 899 2200 etiam
923 2137 1007 2219 quod

68 2272 119 2319 340
145 2249 264 2316 circum
287 2236 412 2332 agitur,
429 2271 501 2315 curn
522 2251 628 2335 venit,
644 2251 751 2335 imago
774 2258 945 2335 propterea
967 2254 1052 2335 quod

142 2363 227 2431 flexa
250 2365 353 2447 figura
376 2365 472 2430 docet
494 2366 614 2449 speculi
638 2366 814 2431 convertier
836 2367 877 2430 ad
900 2388 978 2432 nos.

144 2480 316 2562 indugredi
338 2502 433 2564 porro
456 2481 575 2564 pariter
599 2481 770 2544 simulacra
792 2482 971 2565 pedemque

143 2615 267 2680 ponere
290 2596 455 2661 nobiscum
479 2595 591 2660 credas
614 2600 803 2677 gestumque
827 2597 940 2661 imitari

144 2716 317 2795 propterea
339 2711 436 2793 quia,
453 2709 493 2775 de
516 2710 636 2794 speculi
661 2731 724 2792 qua
745 2716 835 2793 parte
858 2711 1012 2795 recedas,

68 2846 117 2893 545
146 2825 296 2890 contiuuo
320 2830 481 2907 u'cqucunt
502 2825 590 2889 illinc
613 2825 782 2890 simulacra
801 2828 937 2910 1·cvcrti;

150 2939 261 3006 omnia
283 2939 539 3022 quandoquidem
565 2941 649 3024 cogit
671 2948 784 3005 natura
806 2940 918 3006 referri

146 3075 185 3120 ao
208 3056 331 3120 resilire
354 3056 396 3120 ab
419 3057 515 3121 rebus
539 3056 580 3120 ad
603 3058 724 3137 aequos
747 3057 873 3120 reddita
894 3057 1016 3124 flexus.

68 3192 120 3240 299
187 3169 367 3255 Splendida
389 3192 483 3254 porro
507 3172 589 3236 oculi
613 3171 753 3252 fugitant
774 3171 938 3251 vitantque
961 3175 1061 3238 tueri:

145 3285 194 3351 sol
217 3285 312 3350 etiarn
337 3291 465 3370 caecat,
482 3294 593 3351 contra
615 3288 640 3351 si
663 3287 793 3375 tendere
816 3306 954 3369 pergas,

143 3405 316 3484 propterea
338 3402 414 3483 quia
435 3401 484 3466 vis
507 3406 657 3486 magnast
676 3401 798 3485 ipsius,
815 3409 845 3466 et
868 3403 932 3466 alte

144 3523 220 3582 aera
242 3535 300 3602 per
322 3537 435 3601 purum
459 3516 597 3599 graviter
620 3515 793 3580 simulacra
815 3515 961 3581 feruutur

144 3635 178 3695 et
199 3631 315 3696 feriunt
337 3631 466 3715 oculos,
483 3631 644 3696 turbantia
666 3630 917 3713 compositurus.

143 3751 314 3829 praeterea
336 3743 488 3828 splendor
510 3745 565 3826 qui
587 3763 722 3826 cumque
746 3750 793 3809 cst
815 3765 889 3810 acer
911 3745 1016 3809 adurit

69 3875 120 3925 305
144 3877 245 3945 saepe
268 3860 379 3926 oculos
400 3859 474 3925 ideo
498 3860 584 3942 quod
607 3860 729 3924 semina
751 3860 896 3942 possidet
917 3858 1000 3941 iguis

148 4126 201 4175 824
219 4124 278 4175 niet
295 4131 324 4175 ut
347 4122 360 4195 ΙΙ
386 4128 436 4176 327
457 4135 501 4176 aut
518 4128 657 4180 omissum.
683 4124 697 4196 ΙΙ
721 4129 771 4177 328
791 4126 897 4176 latebit.
922 4125 935 4195 ΙΙ
961 4130 1011 4178 334
1031 4128 1155 4178 convertit
1177 4126 1191 4198 Η
1216 4133 1265 4180 341

148 4213 244 4263 Flexeo
264 4211 277 4280 Η
298 4215 348 4263 304
367 4222 437 4264 tacer
454 4216 566 4264 ardurit.
