<?xml version="1.0" encoding="UTF-8"?>
<!DOCTYPE html PUBLIC "-//W3C//DTD XHTML 1.0 Transitional//EN"
    "http://www.w3.org/TR/xhtml1/DTD/xhtml1-transitional.dtd">
<html xmlns="http://www.w3.org/1999/xhtml" xml:lang="en" lang="en">
 <head>
  <title>
</title>
<meta http-equiv="Content-Type" content="text/html;charset=utf-8" />
  <meta name='ocr-system' content='tesseract 3.04.00' />
  <meta name='ocr-capabilities' content='ocr_page ocr_carea ocr_par ocr_line ocrx_word'/>
</head>
<body>
  <div class='ocr_page' id='page_1' title='image "./tlucreticarider15carugoog_0034.png"; bbox 0 0 2744 4658; ppageno 0'>
   <div class='ocr_carea' id='block_1_1' title="bbox 695 220 710 284">
    <p class='ocr_par' dir='ltr' id='par_1_1' title="bbox 695 220 710 284">
     <span class='ocr_line' id='line_1_1' title="bbox 695 220 710 284; baseline 0 0"><span class='ocrx_word' id='word_1_1' title='bbox 695 220 710 284; x_wconf 92' lang='lat'><em>1</em></span> 
     </span>
    </p>
   </div>
   <div class='ocr_carea' id='block_1_2' title="bbox 61 391 1099 2316">
    <p class='ocr_par' dir='ltr' id='par_1_2' title="bbox 61 391 1099 2316">
     <span class='ocr_line' id='line_1_2' title="bbox 138 391 825 458; baseline -0.003 0"><span class='ocrx_word' id='word_1_2' title='bbox 138 394 183 458; x_wconf 85' lang='lat' dir='ltr'>sie</span> <span class='ocrx_word' id='word_1_3' title='bbox 204 393 285 458; x_wconf 89' lang='lat' dir='ltr'>alias</span> <span class='ocrx_word' id='word_1_4' title='bbox 308 392 379 458; x_wconf 89' lang='lat' dir='ltr'>aliis</span> <span class='ocrx_word' id='word_1_5' title='bbox 401 393 498 458; x_wconf 90' lang='lat' dir='ltr'>rebus</span> <span class='ocrx_word' id='word_1_6' title='bbox 520 391 670 456; x_wconf 83' lang='lat' dir='ltr'><strong>mutarier</strong></span> <span class='ocrx_word' id='word_1_7' title='bbox 691 391 825 457; x_wconf 82' lang='lat' dir='ltr'>omnis?</span> 
     </span>
     <span class='ocr_line' id='line_1_3' title="bbox 177 499 1099 591; baseline -0.002 -18"><span class='ocrx_word' id='word_1_8' title='bbox 177 504 232 573; x_wconf 83' lang='lat' dir='ltr'>‘At</span> <span class='ocrx_word' id='word_1_9' title='bbox 255 508 426 573; x_wconf 87' lang='lat' dir='ltr'>manifesta</span> <span class='ocrx_word' id='word_1_10' title='bbox 448 508 553 591; x_wconf 87' lang='lat' dir='ltr'>palam</span> <span class='ocrx_word' id='word_1_11' title='bbox 576 527 628 572; x_wconf 93' lang='lat' dir='ltr'>res</span> <span class='ocrx_word' id='word_1_12' title='bbox 650 501 785 571; x_wconf 83' lang='lat' dir='ltr'>indieat&#39;</span> <span class='ocrx_word' id='word_1_13' title='bbox 809 507 914 588; x_wconf 82' lang='lat' dir='ltr'>inquis</span> <span class='ocrx_word' id='word_1_14' title='bbox 934 499 980 570; x_wconf 88' lang='lat' dir='ltr'>‘in</span> <span class='ocrx_word' id='word_1_15' title='bbox 1004 523 1099 571; x_wconf 84' lang='lat' dir='ltr'>auras</span> 
     </span>
     <span class='ocr_line' id='line_1_4' title="bbox 138 623 890 704; baseline -0.011 -10"><span class='ocrx_word' id='word_1_16' title='bbox 138 630 222 694; x_wconf 71' lang='lat' dir='ltr'>aeris</span> <span class='ocrx_word' id='word_1_17' title='bbox 246 647 263 691; x_wconf 93' lang='lat' dir='ltr'>e</span> <span class='ocrx_word' id='word_1_18' title='bbox 286 631 370 688; x_wconf 89' lang='lat' dir='ltr'>terra</span> <span class='ocrx_word' id='word_1_19' title='bbox 393 642 443 687; x_wconf 93' lang='lat' dir='ltr'>res</span> <span class='ocrx_word' id='word_1_20' title='bbox 468 623 571 687; x_wconf 85' lang='lat' dir='ltr'>omnis</span> <span class='ocrx_word' id='word_1_21' title='bbox 594 642 736 688; x_wconf 88' lang='lat' dir='ltr'>ereseere</span> <span class='ocrx_word' id='word_1_22' title='bbox 759 623 890 704; x_wconf 84' lang='lat' dir='ltr'>alique:</span> 
     </span>
     <span class='ocr_line' id='line_1_5' title="bbox 61 737 913 824; baseline -0.007 -15"><span class='ocrx_word' id='word_1_23' title='bbox 61 768 112 814; x_wconf 71' lang='lat' dir='ltr'>aon</span> <span class='ocrx_word' id='word_1_24' title='bbox 139 751 170 809; x_wconf 87' lang='lat' dir='ltr'>et</span> <span class='ocrx_word' id='word_1_25' title='bbox 192 742 254 807; x_wconf 88' lang='lat' dir='ltr'>nisi</span> <span class='ocrx_word' id='word_1_26' title='bbox 277 744 450 824; x_wconf 79' lang='lat' dir='ltr'>tempestas</span> <span class='ocrx_word' id='word_1_27' title='bbox 473 737 619 818; x_wconf 78' lang='lat' dir='ltr'>indulget</span> <span class='ocrx_word' id='word_1_28' title='bbox 641 743 784 820; x_wconf 86' lang='lat' dir='ltr'>ternpore</span> <span class='ocrx_word' id='word_1_29' title='bbox 806 737 913 803; x_wconf 83' lang='lat' dir='ltr'>fausto</span> 
     </span>
     <span class='ocr_line' id='line_1_6' title="bbox 61 853 1005 941; baseline -0.01 -16"><span class='ocrx_word' id='word_1_30' title='bbox 61 883 111 928; x_wconf 69' lang='lat' dir='ltr'>soa</span> <span class='ocrx_word' id='word_1_31' title='bbox 138 858 249 941; x_wconf 89' lang='lat' dir='ltr'>solque</span> <span class='ocrx_word' id='word_1_32' title='bbox 273 875 331 919; x_wconf 89' lang='lat' dir='ltr'>sua</span> <span class='ocrx_word' id='word_1_33' title='bbox 354 874 411 936; x_wconf 86' lang='lat' dir='ltr'>pro</span> <span class='ocrx_word' id='word_1_34' title='bbox 434 860 526 936; x_wconf 83' lang='lat' dir='ltr'>parte</span> <span class='ocrx_word' id='word_1_35' title='bbox 548 853 633 918; x_wconf 87' lang='lat' dir='ltr'>t&#39;ovet</span> <span class='ocrx_word' id='word_1_36' title='bbox 655 853 825 934; x_wconf 77' lang='lat' dir='ltr'>tribuitque</span> <span class='ocrx_word' id='word_1_37' title='bbox 845 853 1005 936; x_wconf 74' lang='lat' dir='ltr'>ealoreun,</span> 
     </span>
     <span class='ocr_line' id='line_1_7' title="bbox 62 967 1006 1063; baseline -0.007 -24"><span class='ocrx_word' id='word_1_38' title='bbox 62 999 111 1042; x_wconf 72' lang='lat' dir='ltr'>aon</span> <span class='ocrx_word' id='word_1_39' title='bbox 136 972 290 1039; x_wconf 85' lang='lat' dir='ltr'>imbribus</span> <span class='ocrx_word' id='word_1_40' title='bbox 313 977 345 1034; x_wconf 89' lang='lat' dir='ltr'>et</span> <span class='ocrx_word' id='word_1_41' title='bbox 367 969 441 1032; x_wconf 88' lang='lat' dir='ltr'>tabe</span> <span class='ocrx_word' id='word_1_42' title='bbox 463 967 641 1063; x_wconf 86' lang='lat' dir='ltr'>nimborum</span> <span class='ocrx_word' id='word_1_43' title='bbox 665 968 810 1032; x_wconf 87' lang='lat' dir='ltr'>ambusta</span> <span class='ocrx_word' id='word_1_44' title='bbox 838 967 1006 1051; x_wconf 82' lang='lat' dir='ltr'>vacillent,</span> 
     </span>
     <span class='ocr_line' id='line_1_8' title="bbox 62 1077 1017 1167; baseline -0.005 -14"><span class='ocrx_word' id='word_1_45' title='bbox 62 1112 112 1155; x_wconf 73' lang='lat' dir='ltr'>soa</span> <span class='ocrx_word' id='word_1_46' title='bbox 138 1105 282 1153; x_wconf 90' lang='lat' dir='ltr'>ereseere</span> <span class='ocrx_word' id='word_1_47' title='bbox 305 1105 368 1148; x_wconf 92' lang='lat' dir='ltr'>non</span> <span class='ocrx_word' id='word_1_48' title='bbox 392 1083 515 1167; x_wconf 81' lang='lat' dir='ltr'>possint</span> <span class='ocrx_word' id='word_1_49' title='bbox 536 1083 644 1163; x_wconf 79' lang='lat' dir='ltr'>fruges</span> <span class='ocrx_word' id='word_1_50' title='bbox 669 1083 798 1147; x_wconf 86' lang='lat' dir='ltr'>arbusta</span> <span class='ocrx_word' id='word_1_51' title='bbox 820 1077 1017 1149; x_wconf 68' lang='lat' dir='ltr'>animantis?</span> 
     </span>
     <span class='ocr_line' id='line_1_9' title="bbox 138 1197 1017 1279; baseline -0.009 -11"><span class='ocrx_word' id='word_1_52' title='bbox 138 1203 276 1279; x_wconf 79' lang='lat' dir='ltr'>scilieet,</span> <span class='ocrx_word' id='word_1_53' title='bbox 300 1206 331 1264; x_wconf 93' lang='lat' dir='ltr'>et</span> <span class='ocrx_word' id='word_1_54' title='bbox 352 1199 415 1264; x_wconf 91' lang='lat' dir='ltr'>nisi</span> <span class='ocrx_word' id='word_1_55' title='bbox 437 1219 496 1263; x_wconf 90' lang='lat' dir='ltr'>nos</span> <span class='ocrx_word' id='word_1_56' title='bbox 519 1198 608 1263; x_wconf 89' lang='lat' dir='ltr'>eibus</span> <span class='ocrx_word' id='word_1_57' title='bbox 631 1197 739 1262; x_wconf 89' lang='lat' dir='ltr'>aridus</span> <span class='ocrx_word' id='word_1_58' title='bbox 762 1203 794 1262; x_wconf 89' lang='lat' dir='ltr'>et</span> <span class='ocrx_word' id='word_1_59' title='bbox 814 1204 904 1263; x_wconf 90' lang='lat' dir='ltr'>tener</span> <span class='ocrx_word' id='word_1_60' title='bbox 927 1218 1017 1261; x_wconf 87' lang='lat' dir='ltr'>umor</span> 
     </span>
     <span class='ocr_line' id='line_1_10' title="bbox 63 1312 1038 1399; baseline -0.004 -18"><span class='ocrx_word' id='word_1_61' title='bbox 63 1342 114 1384; x_wconf 76' lang='lat' dir='ltr'>aro</span> <span class='ocrx_word' id='word_1_62' title='bbox 139 1317 290 1399; x_wconf 86' lang='lat' dir='ltr'>adiuvet,</span> <span class='ocrx_word' id='word_1_63' title='bbox 315 1315 432 1379; x_wconf 87' lang='lat' dir='ltr'>amisso</span> <span class='ocrx_word' id='word_1_64' title='bbox 455 1314 518 1377; x_wconf 89' lang='lat' dir='ltr'>iarn</span> <span class='ocrx_word' id='word_1_65' title='bbox 541 1332 675 1396; x_wconf 85' lang='lat' dir='ltr'>corpore</span> <span class='ocrx_word' id='word_1_66' title='bbox 698 1312 763 1376; x_wconf 86' lang='lat' dir='ltr'>vita</span> <span class='ocrx_word' id='word_1_67' title='bbox 786 1331 913 1394; x_wconf 87' lang='lat' dir='ltr'>quoque</span> <span class='ocrx_word' id='word_1_68' title='bbox 936 1312 1038 1377; x_wconf 86' lang='lat' dir='ltr'>ornnis</span> 
     </span>
     <span class='ocr_line' id='line_1_11' title="bbox 140 1427 949 1510; baseline -0.005 -14"><span class='ocrx_word' id='word_1_69' title='bbox 140 1432 285 1496; x_wconf 89' lang='lat' dir='ltr'>omnibus</span> <span class='ocrx_word' id='word_1_70' title='bbox 309 1449 325 1493; x_wconf 92' lang='lat' dir='ltr'>e</span> <span class='ocrx_word' id='word_1_71' title='bbox 349 1427 456 1493; x_wconf 86' lang='lat' dir='ltr'>nervis</span> <span class='ocrx_word' id='word_1_72' title='bbox 479 1433 575 1510; x_wconf 88' lang='lat' dir='ltr'>atque</span> <span class='ocrx_word' id='word_1_73' title='bbox 598 1427 723 1492; x_wconf 90' lang='lat' dir='ltr'>ossibus</span> <span class='ocrx_word' id='word_1_74' title='bbox 747 1428 949 1493; x_wconf 87' lang='lat' dir='ltr'>exsoluatur:</span> 
     </span>
     <span class='ocr_line' id='line_1_12' title="bbox 140 1541 1017 1626; baseline -0.008 -13"><span class='ocrx_word' id='word_1_75' title='bbox 140 1547 321 1613; x_wconf 82' lang='lat' dir='ltr'>adiutamur</span> <span class='ocrx_word' id='word_1_76' title='bbox 344 1546 426 1607; x_wconf 87' lang='lat' dir='ltr'>enirn</span> <span class='ocrx_word' id='word_1_77' title='bbox 450 1541 547 1608; x_wconf 90' lang='lat' dir='ltr'>dubio</span> <span class='ocrx_word' id='word_1_78' title='bbox 571 1543 681 1626; x_wconf 89' lang='lat' dir='ltr'>proeut</span> <span class='ocrx_word' id='word_1_79' title='bbox 704 1548 799 1624; x_wconf 85' lang='lat' dir='ltr'>atque</span> <span class='ocrx_word' id='word_1_80' title='bbox 820 1543 936 1607; x_wconf 89' lang='lat' dir='ltr'>alimur</span> <span class='ocrx_word' id='word_1_81' title='bbox 958 1563 1017 1607; x_wconf 91' lang='lat' dir='ltr'>nos</span> 
     </span>
     <span class='ocr_line' id='line_1_13' title="bbox 138 1658 977 1742; baseline -0.008 -14"><span class='ocrx_word' id='word_1_82' title='bbox 138 1664 233 1728; x_wconf 87' lang='lat' dir='ltr'>eertis</span> <span class='ocrx_word' id='word_1_83' title='bbox 256 1662 297 1724; x_wconf 86' lang='lat' dir='ltr'>ab</span> <span class='ocrx_word' id='word_1_84' title='bbox 320 1660 435 1742; x_wconf 80' lang='lat' dir='ltr'>rebus,</span> <span class='ocrx_word' id='word_1_85' title='bbox 459 1658 552 1723; x_wconf 84' lang='lat' dir='ltr'>certis</span> <span class='ocrx_word' id='word_1_86' title='bbox 575 1658 659 1722; x_wconf 90' lang='lat' dir='ltr'>aliae</span> <span class='ocrx_word' id='word_1_87' title='bbox 682 1664 777 1740; x_wconf 86' lang='lat' dir='ltr'>atque</span> <span class='ocrx_word' id='word_1_88' title='bbox 799 1658 884 1722; x_wconf 89' lang='lat' dir='ltr'>aliae</span> <span class='ocrx_word' id='word_1_89' title='bbox 907 1677 977 1723; x_wconf 90' lang='lat' dir='ltr'>res.</span> 
     </span>
     <span class='ocr_line' id='line_1_14' title="bbox 139 1773 1000 1856; baseline -0.001 -16"><span class='ocrx_word' id='word_1_90' title='bbox 139 1778 171 1841; x_wconf 93' lang='lat' dir='ltr'>ui</span> <span class='ocrx_word' id='word_1_91' title='bbox 194 1778 325 1852; x_wconf 69' lang='lat' dir='ltr'>rnirunr,</span> <span class='ocrx_word' id='word_1_92' title='bbox 349 1776 424 1856; x_wconf 61' lang='lat' dir='ltr'>&lt;luia</span> <span class='ocrx_word' id='word_1_93' title='bbox 446 1773 544 1837; x_wconf 86' lang='lat' dir='ltr'>nrulta</span> <span class='ocrx_word' id='word_1_94' title='bbox 566 1773 670 1838; x_wconf 87' lang='lat' dir='ltr'>modis</span> <span class='ocrx_word' id='word_1_95' title='bbox 692 1773 871 1838; x_wconf 88' lang='lat' dir='ltr'>eommunia</span> <span class='ocrx_word' id='word_1_96' title='bbox 893 1773 1000 1839; x_wconf 82' lang='lat' dir='ltr'>nrultis</span> 
     </span>
     <span class='ocr_line' id='line_1_15' title="bbox 66 1870 924 1971; baseline -0.003 -17"><span class='ocrx_word' id='word_1_97' title='bbox 66 1915 115 1958; x_wconf 69' lang='lat' dir='ltr'>ara</span> <span class='ocrx_word' id='word_1_98' title='bbox 141 1892 307 1954; x_wconf 83' lang='lat' dir='ltr'>ruultarunr</span> <span class='ocrx_word' id='word_1_99' title='bbox 330 1908 432 1953; x_wconf 76' lang='lat' dir='ltr'>reruni</span> <span class='ocrx_word' id='word_1_100' title='bbox 455 1888 488 1951; x_wconf 92' lang='lat' dir='ltr'>in</span> <span class='ocrx_word' id='word_1_101' title='bbox 510 1887 606 1953; x_wconf 86' lang='lat' dir='ltr'>rebus</span> <span class='ocrx_word' id='word_1_102' title='bbox 629 1870 803 1971; x_wconf 81' lang='lat' dir='ltr'>primordia</span> <span class='ocrx_word' id='word_1_103' title='bbox 826 1887 924 1951; x_wconf 86' lang='lat' dir='ltr'>urixta</span> 
     </span>
     <span class='ocr_line' id='line_1_16' title="bbox 140 2002 944 2079; baseline -0.006 -9"><span class='ocrx_word' id='word_1_104' title='bbox 140 2011 233 2079; x_wconf 90' lang='lat' dir='ltr'>sunt,</span> <span class='ocrx_word' id='word_1_105' title='bbox 256 2004 329 2068; x_wconf 89' lang='lat' dir='ltr'>ideo</span> <span class='ocrx_word' id='word_1_106' title='bbox 352 2004 448 2068; x_wconf 75' lang='lat' dir='ltr'>varriis</span> <span class='ocrx_word' id='word_1_107' title='bbox 470 2002 582 2068; x_wconf 87' lang='lat' dir='ltr'>variae</span> <span class='ocrx_word' id='word_1_108' title='bbox 605 2021 657 2067; x_wconf 90' lang='lat' dir='ltr'>res</span> <span class='ocrx_word' id='word_1_109' title='bbox 679 2002 775 2067; x_wconf 87' lang='lat' dir='ltr'>rebus</span> <span class='ocrx_word' id='word_1_110' title='bbox 798 2003 944 2066; x_wconf 86' lang='lat' dir='ltr'>aluntur.</span> 
     </span>
     <span class='ocr_line' id='line_1_17' title="bbox 140 2117 940 2202; baseline -0.001 -18"><span class='ocrx_word' id='word_1_111' title='bbox 140 2127 235 2202; x_wconf 90' lang='lat' dir='ltr'>atque</span> <span class='ocrx_word' id='word_1_112' title='bbox 258 2119 370 2183; x_wconf 90' lang='lat' dir='ltr'>eaderu</span> <span class='ocrx_word' id='word_1_113' title='bbox 393 2118 501 2200; x_wconf 82' lang='lat' dir='ltr'>magni</span> <span class='ocrx_word' id='word_1_114' title='bbox 525 2117 622 2182; x_wconf 86' lang='lat' dir='ltr'>refert</span> <span class='ocrx_word' id='word_1_115' title='bbox 644 2118 819 2200; x_wconf 86' lang='lat' dir='ltr'>primordia</span> <span class='ocrx_word' id='word_1_116' title='bbox 842 2138 940 2202; x_wconf 81' lang='lat' dir='ltr'>saepe</span> 
     </span>
     <span class='ocr_line' id='line_1_18' title="bbox 138 2233 917 2316; baseline -0.006 -15"><span class='ocrx_word' id='word_1_117' title='bbox 138 2255 208 2301; x_wconf 77' lang='lat' dir='ltr'>euru</span> <span class='ocrx_word' id='word_1_118' title='bbox 232 2235 345 2316; x_wconf 88' lang='lat' dir='ltr'>quibus</span> <span class='ocrx_word' id='word_1_119' title='bbox 367 2240 399 2300; x_wconf 90' lang='lat' dir='ltr'>et</span> <span class='ocrx_word' id='word_1_120' title='bbox 422 2233 509 2316; x_wconf 62' lang='lat' dir='ltr'>(puali</span> <span class='ocrx_word' id='word_1_121' title='bbox 530 2233 674 2316; x_wconf 86' lang='lat' dir='ltr'>positura</span> <span class='ocrx_word' id='word_1_122' title='bbox 696 2233 917 2298; x_wconf 81' lang='lat' dir='ltr'>contineantur</span> 
     </span>
    </p>
   </div>
   <div class='ocr_carea' id='block_1_3' title="bbox 61 2348 1062 3104">
    <p class='ocr_par' dir='ltr' id='par_1_3' title="bbox 61 2348 1062 3104">
     <span class='ocr_line' id='line_1_19' title="bbox 137 2348 925 2432; baseline -0.004 -17"><span class='ocrx_word' id='word_1_123' title='bbox 137 2357 169 2415; x_wconf 90' lang='lat' dir='ltr'>et</span> <span class='ocrx_word' id='word_1_124' title='bbox 191 2371 271 2432; x_wconf 92' lang='lat' dir='ltr'>quos</span> <span class='ocrx_word' id='word_1_125' title='bbox 293 2351 376 2415; x_wconf 90' lang='lat' dir='ltr'>inter</span> <span class='ocrx_word' id='word_1_126' title='bbox 398 2369 433 2414; x_wconf 91' lang='lat' dir='ltr'>se</span> <span class='ocrx_word' id='word_1_127' title='bbox 456 2348 533 2413; x_wconf 78' lang='lat' dir='ltr'>(tent</span> <span class='ocrx_word' id='word_1_128' title='bbox 555 2356 657 2412; x_wconf 89' lang='lat' dir='ltr'>ruotus</span> <span class='ocrx_word' id='word_1_129' title='bbox 684 2348 925 2432; x_wconf 85' lang='lat' dir='ltr'>aeeipiantque:</span> 
     </span>
     <span class='ocr_line' id='line_1_20' title="bbox 61 2462 1062 2547; baseline -0.001 -19"><span class='ocrx_word' id='word_1_130' title='bbox 61 2488 111 2532; x_wconf 76' lang='lat' dir='ltr'>aar&gt;</span> <span class='ocrx_word' id='word_1_131' title='bbox 137 2483 275 2547; x_wconf 86' lang='lat' dir='ltr'>namque</span> <span class='ocrx_word' id='word_1_132' title='bbox 298 2462 410 2528; x_wconf 73' lang='lat' dir='ltr'>eadent</span> <span class='ocrx_word' id='word_1_133' title='bbox 433 2463 553 2528; x_wconf 87' lang='lat' dir='ltr'>eaelum</span> <span class='ocrx_word' id='word_1_134' title='bbox 577 2483 663 2527; x_wconf 90' lang='lat' dir='ltr'>rnare</span> <span class='ocrx_word' id='word_1_135' title='bbox 686 2468 787 2527; x_wconf 86' lang='lat' dir='ltr'>terras</span> <span class='ocrx_word' id='word_1_136' title='bbox 809 2462 938 2528; x_wconf 88' lang='lat' dir='ltr'>flumina</span> <span class='ocrx_word' id='word_1_137' title='bbox 960 2465 1062 2530; x_wconf 88' lang='lat' dir='ltr'>solem</span> 
     </span>
     <span class='ocr_line' id='line_1_21' title="bbox 136 2577 978 2660; baseline -0.005 -14"><span class='ocrx_word' id='word_1_138' title='bbox 136 2579 349 2656; x_wconf 85' lang='lat' dir='ltr'>constituunt,</span> <span class='ocrx_word' id='word_1_139' title='bbox 374 2578 485 2642; x_wconf 82' lang='lat' dir='ltr'>eadem</span> <span class='ocrx_word' id='word_1_140' title='bbox 508 2577 617 2660; x_wconf 80' lang='lat' dir='ltr'>fruges</span> <span class='ocrx_word' id='word_1_141' title='bbox 639 2578 767 2641; x_wconf 86' lang='lat' dir='ltr'>arbusta</span> <span class='ocrx_word' id='word_1_142' title='bbox 789 2577 978 2658; x_wconf 86' lang='lat' dir='ltr'>animantis,</span> 
     </span>
     <span class='ocr_line' id='line_1_22' title="bbox 135 2690 1012 2776; baseline -0.003 -17"><span class='ocrx_word' id='word_1_143' title='bbox 135 2715 247 2760; x_wconf 86' lang='lat' dir='ltr'>verum</span> <span class='ocrx_word' id='word_1_144' title='bbox 269 2694 342 2758; x_wconf 90' lang='lat' dir='ltr'>aliis</span> <span class='ocrx_word' id='word_1_145' title='bbox 365 2694 493 2776; x_wconf 85' lang='lat' dir='ltr'>alioque</span> <span class='ocrx_word' id='word_1_146' title='bbox 515 2690 610 2757; x_wconf 87' lang='lat' dir='ltr'>modo</span> <span class='ocrx_word' id='word_1_147' title='bbox 634 2691 805 2756; x_wconf 84' lang='lat' dir='ltr'>eornrnixta</span> <span class='ocrx_word' id='word_1_148' title='bbox 829 2698 1012 2756; x_wconf 86' lang='lat' dir='ltr'>moventur.</span> 
     </span>
     <span class='ocr_line' id='line_1_23' title="bbox 98 2782 935 2892; baseline -0.001 -20"><span class='ocrx_word' id='word_1_149' title='bbox 98 2782 211 2890; x_wconf 39' lang='grc' dir='ltr'>Γ’.φιίιι</span> <span class='ocrx_word' id='word_1_150' title='bbox 233 2810 326 2873; x_wconf 88' lang='lat' dir='ltr'>etianr</span> <span class='ocrx_word' id='word_1_151' title='bbox 349 2810 468 2892; x_wconf 88' lang='lat' dir='ltr'>passim</span> <span class='ocrx_word' id='word_1_152' title='bbox 493 2808 609 2872; x_wconf 90' lang='lat' dir='ltr'>nostris</span> <span class='ocrx_word' id='word_1_153' title='bbox 630 2807 662 2871; x_wconf 90' lang='lat' dir='ltr'>iu</span> <span class='ocrx_word' id='word_1_154' title='bbox 686 2807 831 2872; x_wconf 90' lang='lat' dir='ltr'>versibus</span> <span class='ocrx_word' id='word_1_155' title='bbox 855 2806 935 2890; x_wconf 91' lang='lat' dir='ltr'>ipsis</span> 
     </span>
     <span class='ocr_line' id='line_1_24' title="bbox 136 2922 1003 3013; baseline -0.002 -26"><span class='ocrx_word' id='word_1_156' title='bbox 136 2924 233 2987; x_wconf 84' lang='lat' dir='ltr'>inulta</span> <span class='ocrx_word' id='word_1_157' title='bbox 256 2923 524 3013; x_wconf 48' lang='lat' dir='ltr'>ettssitbiiffidess</span> <span class='ocrx_word' id='word_1_158' title='bbox 546 2923 652 2988; x_wconf 80' lang='lat' dir='ltr'>inuitis</span> <span class='ocrx_word' id='word_1_159' title='bbox 675 2923 854 2988; x_wconf 89' lang='lat' dir='ltr'>eonunuuia</span> <span class='ocrx_word' id='word_1_160' title='bbox 875 2922 1003 2999; x_wconf 83' lang='lat' dir='ltr'>verbis,</span> 
     </span>
     <span class='ocr_line' id='line_1_25' title="bbox 61 3037 1001 3104; baseline -0.003 -1"><span class='ocrx_word' id='word_1_161' title='bbox 61 3060 109 3104; x_wconf 75' lang='lat' dir='ltr'>aaa</span> <span class='ocrx_word' id='word_1_162' title='bbox 137 3059 207 3103; x_wconf 88' lang='lat' dir='ltr'>eum</span> <span class='ocrx_word' id='word_1_163' title='bbox 230 3045 335 3102; x_wconf 85' lang='lat' dir='ltr'>tanren</span> <span class='ocrx_word' id='word_1_164' title='bbox 358 3037 438 3101; x_wconf 87' lang='lat' dir='ltr'>inter</span> <span class='ocrx_word' id='word_1_165' title='bbox 461 3058 496 3102; x_wconf 91' lang='lat' dir='ltr'>se</span> <span class='ocrx_word' id='word_1_166' title='bbox 519 3056 630 3102; x_wconf 85' lang='lat' dir='ltr'>versus</span> <span class='ocrx_word' id='word_1_167' title='bbox 654 3058 693 3101; x_wconf 88' lang='lat' dir='ltr'>ae</span> <span class='ocrx_word' id='word_1_168' title='bbox 714 3039 815 3102; x_wconf 83' lang='lat' dir='ltr'>verba</span> <span class='ocrx_word' id='word_1_169' title='bbox 837 3043 1001 3102; x_wconf 87' lang='lat' dir='ltr'>neeessest</span> 
     </span>
    </p>
   </div>
   <div class='ocr_carea' id='block_1_4' title="bbox 61 3151 1036 4041">
    <p class='ocr_par' dir='ltr' id='par_1_4' title="bbox 136 3151 905 3218">
     <span class='ocr_line' id='line_1_26' title="bbox 136 3151 905 3218; baseline -0.005 0"><span class='ocrx_word' id='word_1_170' title='bbox 136 3152 305 3218; x_wconf 85' lang='lat' dir='ltr'>confiteare</span> <span class='ocrx_word' id='word_1_171' title='bbox 328 3157 359 3215; x_wconf 88' lang='lat' dir='ltr'>et</span> <span class='ocrx_word' id='word_1_172' title='bbox 382 3172 414 3215; x_wconf 86' lang='lat' dir='ltr'>re</span> <span class='ocrx_word' id='word_1_173' title='bbox 438 3159 467 3215; x_wconf 91' lang='lat' dir='ltr'>et</span> <span class='ocrx_word' id='word_1_174' title='bbox 490 3151 594 3216; x_wconf 88' lang='lat' dir='ltr'>sonitu</span> <span class='ocrx_word' id='word_1_175' title='bbox 618 3151 735 3216; x_wconf 88' lang='lat' dir='ltr'>distare</span> <span class='ocrx_word' id='word_1_176' title='bbox 759 3152 905 3216; x_wconf 86' lang='lat' dir='ltr'>sonanti.</span> 
     </span>
    </p>

    <p class='ocr_par' dir='ltr' id='par_1_5' title="bbox 136 3265 1026 3355">
     <span class='ocr_line' id='line_1_27' title="bbox 136 3265 1026 3355; baseline -0.003 -22"><span class='ocrx_word' id='word_1_177' title='bbox 136 3274 256 3333; x_wconf 87' lang='lat' dir='ltr'>tanturn</span> <span class='ocrx_word' id='word_1_178' title='bbox 280 3269 440 3355; x_wconf 76' lang='lat' dir='ltr'>eierrrenta</span> <span class='ocrx_word' id='word_1_179' title='bbox 462 3272 580 3346; x_wconf 88' lang='lat' dir='ltr'>queunt</span> <span class='ocrx_word' id='word_1_180' title='bbox 602 3270 779 3349; x_wconf 84' lang='lat' dir='ltr'>perrrrutato</span> <span class='ocrx_word' id='word_1_181' title='bbox 803 3265 914 3330; x_wconf 86' lang='lat' dir='ltr'>ordine</span> <span class='ocrx_word' id='word_1_182' title='bbox 938 3268 1026 3331; x_wconf 90' lang='lat' dir='ltr'>solo:</span> 
     </span>
    </p>

    <p class='ocr_par' dir='ltr' id='par_1_6' title="bbox 136 3379 1000 3464">
     <span class='ocr_line' id='line_1_28' title="bbox 136 3379 1000 3464; baseline -0.001 -18"><span class='ocrx_word' id='word_1_183' title='bbox 136 3390 168 3446; x_wconf 90' lang='lat' dir='ltr'>at</span> <span class='ocrx_word' id='word_1_184' title='bbox 191 3403 294 3449; x_wconf 78' lang='lat' dir='ltr'>reruni</span> <span class='ocrx_word' id='word_1_185' title='bbox 318 3402 398 3464; x_wconf 89' lang='lat' dir='ltr'>quae</span> <span class='ocrx_word' id='word_1_186' title='bbox 422 3386 494 3445; x_wconf 89' lang='lat' dir='ltr'>sunt</span> <span class='ocrx_word' id='word_1_187' title='bbox 515 3379 708 3463; x_wconf 82' lang='lat' dir='ltr'>primordia,</span> <span class='ocrx_word' id='word_1_188' title='bbox 732 3381 823 3462; x_wconf 88' lang='lat' dir='ltr'>plura</span> <span class='ocrx_word' id='word_1_189' title='bbox 846 3380 1000 3445; x_wconf 87' lang='lat' dir='ltr'>adbibere</span> 
     </span>
    </p>

    <p class='ocr_par' dir='ltr' id='par_1_7' title="bbox 101 3494 1035 3581">
     <span class='ocr_line' id='line_1_29' title="bbox 101 3494 1035 3581; baseline -0.001 -20"><span class='ocrx_word' id='word_1_190' title='bbox 101 3505 270 3581; x_wconf 51' lang='lat' dir='ltr'>Lpossunt</span> <span class='ocrx_word' id='word_1_191' title='bbox 291 3497 375 3561; x_wconf 83' lang='lat' dir='ltr'>unde</span> <span class='ocrx_word' id='word_1_192' title='bbox 400 3503 520 3577; x_wconf 83' lang='lat' dir='ltr'>queant</span> <span class='ocrx_word' id='word_1_193' title='bbox 542 3494 650 3558; x_wconf 84' lang='lat' dir='ltr'>variae</span> <span class='ocrx_word' id='word_1_194' title='bbox 672 3513 723 3557; x_wconf 90' lang='lat' dir='ltr'>res</span> <span class='ocrx_word' id='word_1_195' title='bbox 747 3515 893 3576; x_wconf 88' lang='lat' dir='ltr'>quaeque</span> <span class='ocrx_word' id='word_1_196' title='bbox 915 3497 1035 3560; x_wconf 86' lang='lat' dir='ltr'>creari.</span> 
     </span>
    </p>

    <p class='ocr_par' dir='ltr' id='par_1_8' title="bbox 61 3608 1036 3694">
     <span class='ocr_line' id='line_1_30' title="bbox 61 3608 1036 3694; baseline 0.002 -21"><span class='ocrx_word' id='word_1_197' title='bbox 61 3632 110 3679; x_wconf 72' lang='lat' dir='ltr'>seo</span> <span class='ocrx_word' id='word_1_198' title='bbox 180 3612 272 3677; x_wconf 90' lang='lat' dir='ltr'>Nune</span> <span class='ocrx_word' id='word_1_199' title='bbox 295 3619 329 3676; x_wconf 89' lang='lat' dir='ltr'>ut</span> <span class='ocrx_word' id='word_1_200' title='bbox 350 3615 559 3694; x_wconf 79' lang='lat' dir='ltr'>Arraxagorae</span> <span class='ocrx_word' id='word_1_201' title='bbox 584 3615 757 3674; x_wconf 86' lang='lat' dir='ltr'>serutenrur</span> <span class='ocrx_word' id='word_1_202' title='bbox 779 3608 1036 3676; x_wconf 84' lang='lat' dir='ltr'>homoeomerian</span> 
     </span>
    </p>

    <p class='ocr_par' dir='ltr' id='par_1_9' title="bbox 135 3724 1004 3808">
     <span class='ocr_line' id='line_1_31' title="bbox 135 3724 1004 3808; baseline 0 -19"><span class='ocrx_word' id='word_1_203' title='bbox 135 3747 231 3808; x_wconf 88' lang='lat' dir='ltr'>quarn</span> <span class='ocrx_word' id='word_1_204' title='bbox 254 3727 331 3792; x_wconf 86' lang='lat' dir='ltr'>Grai</span> <span class='ocrx_word' id='word_1_205' title='bbox 353 3733 531 3791; x_wconf 84' lang='lat' dir='ltr'>rnenroraut</span> <span class='ocrx_word' id='word_1_206' title='bbox 552 3745 611 3790; x_wconf 86' lang='lat' dir='ltr'>nee</span> <span class='ocrx_word' id='word_1_207' title='bbox 633 3731 743 3788; x_wconf 85' lang='lat' dir='ltr'>nostra</span> <span class='ocrx_word' id='word_1_208' title='bbox 765 3724 871 3789; x_wconf 86' lang='lat' dir='ltr'>dicere</span> <span class='ocrx_word' id='word_1_209' title='bbox 894 3724 1004 3808; x_wconf 81' lang='lat' dir='ltr'>lingua</span> 
     </span>
    </p>

    <p class='ocr_par' dir='ltr' id='par_1_10' title="bbox 135 3839 859 3925">
     <span class='ocr_line' id='line_1_32' title="bbox 135 3839 859 3925; baseline -0.004 -18"><span class='ocrx_word' id='word_1_210' title='bbox 135 3842 282 3907; x_wconf 83' lang='lat' dir='ltr'>coneedit</span> <span class='ocrx_word' id='word_1_211' title='bbox 303 3840 394 3906; x_wconf 90' lang='lat' dir='ltr'>nobis</span> <span class='ocrx_word' id='word_1_212' title='bbox 416 3842 510 3925; x_wconf 88' lang='lat' dir='ltr'>patrii</span> <span class='ocrx_word' id='word_1_213' title='bbox 533 3839 690 3907; x_wconf 86' lang='lat' dir='ltr'>sermonis</span> <span class='ocrx_word' id='word_1_214' title='bbox 713 3846 859 3922; x_wconf 79' lang='lat' dir='ltr'>egestas,</span> 
     </span>
    </p>

    <p class='ocr_par' dir='ltr' id='par_1_11' title="bbox 136 3954 1013 4041">
     <span class='ocr_line' id='line_1_33' title="bbox 136 3954 1013 4041; baseline -0.002 -18"><span class='ocrx_word' id='word_1_215' title='bbox 136 3955 194 4023; x_wconf 88' lang='lat' dir='ltr'>sed</span> <span class='ocrx_word' id='word_1_216' title='bbox 216 3964 321 4022; x_wconf 85' lang='lat' dir='ltr'>tanreu</span> <span class='ocrx_word' id='word_1_217' title='bbox 344 3955 446 4040; x_wconf 85' lang='lat' dir='ltr'>ipsam</span> <span class='ocrx_word' id='word_1_218' title='bbox 469 3976 535 4022; x_wconf 89' lang='lat' dir='ltr'>reru</span> <span class='ocrx_word' id='word_1_219' title='bbox 558 3955 683 4021; x_wconf 81' lang='lat' dir='ltr'>facilest</span> <span class='ocrx_word' id='word_1_220' title='bbox 705 3973 865 4040; x_wconf 85' lang='lat' dir='ltr'>exponere</span> <span class='ocrx_word' id='word_1_221' title='bbox 887 3954 1013 4041; x_wconf 85' lang='lat' dir='ltr'>verbis,</span> 
     </span>
    </p>
   </div>
   <div class='ocr_carea' id='block_1_5' title="bbox 136 4204 950 4276">
    <p class='ocr_par' dir='ltr' id='par_1_12' title="bbox 136 4204 950 4276">
     <span class='ocr_line' id='line_1_34' title="bbox 136 4204 950 4276; baseline 0.002 -21"><span class='ocrx_word' id='word_1_222' title='bbox 136 4210 187 4255; x_wconf 73' lang='grc'>806</span> <span class='ocrx_word' id='word_1_223' title='bbox 208 4207 309 4255; x_wconf 76' lang='lat' dir='ltr'>arbusta</span> <span class='ocrx_word' id='word_1_224' title='bbox 330 4204 343 4271; x_wconf 69' lang='grc' dir='ltr'>Η</span> <span class='ocrx_word' id='word_1_225' title='bbox 364 4207 413 4251; x_wconf 72' lang='lat'>814</span> <span class='ocrx_word' id='word_1_226' title='bbox 433 4207 588 4255; x_wconf 81' lang='lat' dir='ltr'>urultinrodis</span> <span class='ocrx_word' id='word_1_227' title='bbox 609 4205 623 4276; x_wconf 74' lang='grc' dir='ltr'>Η</span> <span class='ocrx_word' id='word_1_228' title='bbox 643 4210 693 4255; x_wconf 74' lang='grc'>824</span> <span class='ocrx_word' id='word_1_229' title='bbox 713 4208 801 4256; x_wconf 87' lang='lat' dir='ltr'>bellis.</span> <span class='ocrx_word' id='word_1_230' title='bbox 823 4207 835 4275; x_wconf 73' lang='grc' dir='ltr'>Η</span> <span class='ocrx_word' id='word_1_231' title='bbox 855 4212 906 4257; x_wconf 80' lang='grc'>830</span> <span class='ocrx_word' id='word_1_232' title='bbox 925 4220 950 4257; x_wconf 82' lang='lat' dir='ltr'>et</span> 
     </span>
    </p>
   </div>
   <div class='ocr_carea' id='block_1_6' title="bbox 0 0 1380 4658">
    <p class='ocr_par' dir='ltr' id='par_1_13' title="bbox 0 0 1380 4658">
     <span class='ocr_line' id='line_1_35' title="bbox 0 0 1380 4658; baseline 0 0"><span class='ocrx_word' id='word_1_233' title='bbox 0 0 1380 4658; x_wconf 95' lang='lat' dir='ltr'> </span> 
     </span>
    </p>
   </div>
  </div>
 </body>
</html>
