2678 4658
650 235 708 299 IIII

99 425 128 473 ut
143 414 272 475 nocturno
296 409 405 475 facere
428 414 463 474 ut
485 408 610 494 possint
631 408 665 472 in
687 414 830 492 tempore
853 407 966 474 ludos.

139 544 170 589 an
188 525 285 610 magis
306 525 387 589 illud
411 525 470 590 erit
490 522 628 589 verum?
645 524 720 606 quia
742 529 885 608 tempore
908 525 941 586 in
963 543 1026 587 uno

91 659 119 707 ot
135 646 262 726 tempora
284 640 385 705 multa
406 640 529 724 latent,
547 639 627 704 ratio
652 658 733 722 quae
757 639 911 722 comperit
933 659 1024 716 esse,

67 828 70 835 ¹
131 763 285 841 propterea
306 755 343 820 fit
364 756 409 820 uti
433 755 546 839 quovis
569 756 766 839 intempore
790 773 938 836 quaeque
990 823 995 831 ,

127 877 223 956 presto
245 871 311 937 sint
333 872 506 937 simulacra
528 870 606 936 loeis
629 869 661 934 in
685 871 820 952 quisque
842 877 975 953 parata.

75 1004 108 1053 sor
125 992 152 1053 et
169 986 245 1070 quia
266 987 375 1053 tenvia
397 991 490 1070 sunt,
506 985 568 1051 nisi
588 1006 623 1051 se
645 985 824 1069 contendit,
842 993 934 1050 acute

123 1120 246 1168 eernere
269 1123 334 1167 non
356 1103 440 1187 potis
464 1107 513 1168 est
534 1100 680 1165 animus:
698 1100 831 1184 proinde
854 1103 960 1165 omnia
983 1119 1067 1183 quae
1089 1108 1162 1166 sunt

120 1222 286 1300 praeterea
308 1223 462 1302 pereunt,
480 1217 541 1282 nisi
564 1216 591 1281 si
614 1236 696 1298 quae
719 1217 761 1280 ad
785 1235 820 1280 se
842 1216 912 1300 ipse
934 1216 1080 1299 paravit.

67 1348 100 1397 su
117 1331 182 1417 ipse
205 1338 303 1416 parat
325 1352 398 1398 sese
419 1352 534 1416 porro,
550 1338 719 1416 speratque
742 1331 881 1395 futurum

117 1453 148 1512 nt
167 1445 281 1512 videat
303 1446 389 1528 quod
412 1446 615 1529 consequitur
637 1465 702 1511 rem
727 1467 906 1528 quamque:
923 1445 958 1510 fit
980 1466 1075 1530 ergo

115 1583 218 1629 nonne
240 1561 336 1628 vides
359 1562 469 1628 oculos
492 1563 609 1646 etiam,
627 1583 696 1626 cunr
720 1561 826 1628 tenvia
851 1581 933 1643 quae
956 1568 1030 1626 sunt

67 1696 97 1745 rs
115 1698 246 1745 comere
271 1683 464 1763 coeperunt,
481 1677 674 1744 contendere
697 1698 731 1743 se
754 1683 849 1759 atque
872 1696 1006 1761 parare,

114 1815 166 1862 uec
189 1795 266 1860 sine
289 1815 328 1860 eo
351 1794 419 1860 fieri
441 1814 538 1878 posse
561 1799 595 1857 ut
617 1813 787 1858 cernamus
810 1793 928 1856 acute?

119 1916 276 1975 ettamen
298 1909 331 1974 in
353 1909 448 1975 rebus
472 1929 598 1993 quoque
621 1910 739 1993 apertis
762 1926 893 1973 noscere
916 1906 1042 1990 possis,

114 2024 226 2091 sinon
250 2023 405 2091 advertas
427 2024 588 2099 animum,
604 2022 738 2108 proinde
761 2043 832 2088 esse
855 2022 946 2104 quasi
970 2021 1057 2086 omni

112 2142 256 2224 tempore
279 2144 435 2206 semotum
458 2139 554 2204 fuerit
575 2139 734 2223 longeque
755 2143 930 2203 remotum.

113 2253 194 2317 cur'
225 2253 288 2318 'tur
310 2255 472 2337 mirumst,
490 2253 614 2318 animus
637 2253 664 2319 si
687 2258 791 2319 cetera
813 2252 917 2337 perdit

67 2383 96 2431 ns
114 2275 242 2452 praest
265 2387 363 2450 quam
386 2369 500 2451 quibus
522 2374 571 2434 est
593 2368 625 2432 in
648 2371 745 2435 rebus
768 2368 893 2434 deditus
916 2368 1012 2453 ipse?

114 2481 231 2549 deinde
255 2481 469 2567 adopinamur
492 2484 532 2550 de
554 2484 656 2565 signis
680 2484 821 2548 maxima
842 2484 970 2567 parvis,

115 2616 151 2662 ac
172 2619 235 2664 nos
256 2597 289 2662 in
312 2597 460 2663 fraudem
482 2599 644 2666 induimus
666 2598 880 2664 frustraminis
904 2599 964 2682 ipsi
978 2596 1003 2684 .]

151 2713 203 2777 Fit
225 2732 355 2796 quoque
378 2718 413 2778 ut
433 2714 515 2780 inter
538 2718 612 2780 dum
636 2734 701 2779 non
723 2713 943 2798 suppeditetur
965 2713 1072 2794 imago

116 2825 257 2899 eiusdem
279 2827 427 2909 generis,
444 2828 503 2894 sed
525 2830 646 2896 femina
668 2850 752 2913 quae
775 2828 833 2892 fuit
856 2834 951 2911 ante,

67 2953 96 3004 to
116 2938 147 3003 in
168 2941 318 3007 manibus
340 2942 389 3006 vir
411 2945 456 3009 uti
478 2946 581 3011 factus
603 2945 749 3011 uideatur
771 2945 908 3020 adesse,

115 3060 167 3120 aut
189 3056 257 3121 alia
279 3076 320 3121 ex
342 3056 408 3122 alia
429 3057 529 3124 facies
552 3065 704 3141 aetasque
727 3065 897 3140 sequatur.

67 3169 201 3250 nequod
223 3190 265 3237 ne
289 3171 439 3237 rniremur
461 3192 558 3256 sopor
581 3180 676 3256 atque
700 3173 820 3238 oblivia
843 3180 972 3237 curant.

67 3296 97 3346 tta
156 3259 258 3372 [iilud
279 3285 312 3350 iu
336 3286 385 3352 his
407 3287 520 3352 vitium
542 3293 705 3353 vementer
727 3289 815 3353 rebu'
837 3292 998 3352 necessest

116 3399 274 3483 effligere,
291 3418 430 3466 errorem
453 3402 615 3486 vitareque
638 3408 916 3487 praemetuenter,

114 3512 231 3580 lumina
256 3535 298 3581 ne
319 3515 422 3581 facias
445 3519 608 3582 oculorum
632 3519 719 3584 clara
742 3524 869 3599 ereata,

67 3640 95 3690 ts
113 3629 299 3714 prospicere
320 3635 356 3694 ut
377 3638 612 3715 possemus‚‘et
633 3637 667 3696 ut
689 3631 834 3716 proferre
859 3649 1011 3713 queamus

111 3827 313 3839 *—

113 3964 162 4012 798
179 3963 221 4013 sin
242 3959 256 4029 Η
276 3962 348 4012 locos
369 3958 382 4030 Η
405 3965 777 4013 799-801=774771772.
799 3960 811 4031 Η
832 3965 881 4011 802
895 3964 945 4012 nisi
959 3980 1007 4026 que
1027 3962 1040 4032 Η
1061 3967 1112 4015 804
1124 3967 1145 4014 si
1159 3965 1235 4016 omis-

110 4066 183 4100 mn.
203 4048 220 4119 Η
239 4065 274 4100 ex
293 4048 307 4118 Η
328 4052 379 4100 805
394 4049 521 4098 futuram.
543 4047 556 4117 Η
577 4053 741 4100 808ε804.
763 4053 775 4117 Η
797 4053 845 4099 811
860 4067 952 4101 nocere
973 4048 986 4119 Η
1007 4054 1057 4101 815
1073 4053 1207 4102 Praeterea
1221 4052 1233 4119 Η

111 4138 161 4189 818
179 4152 230 4189 nos
255 4135 271 4205 Η
296 4139 348 4188 820
367 4137 456 4186 virtuti
482 4135 496 4206 Η
521 4140 570 4186 822
590 4138 629 4186 his
648 4138 721 4187 rebus
740 4139 830 4187 vitium
847 4138 1006 4188 vehementer
1024 4139 1119 4189 inesse.
1144 4137 1157 4206 Η
1183 4141 1234 4188 823

110 4225 244 4289 timeque
263 4221 279 4295 Η
298 4226 350 4276 825
370 4224 496 4289 possimus
517 4221 530 4291 Η
550 4225 609 4272 via.
