2744 4658
155 249 215 311 104
691 241 740 304 111

155 432 254 495 quare
278 414 409 478 dissolui
432 431 559 493 quoque
583 412 701 476 debent
721 432 817 496 posse
840 419 1025 496 perartus,

155 527 293 609 denique
316 536 351 592 ut
373 529 531 594 intereant
553 548 617 591 una
639 546 709 591 cum
733 547 866 611 corpore
889 533 1041 592 cunctae.

82 661 130 706 roo
156 642 205 706 sin
228 645 351 707 animas
372 644 534 709 hominum
558 640 664 707 dicent
685 643 718 705 in
741 663 876 726 corpora
899 654 1027 726 semper

156 755 202 819 ire
225 755 384 841 humana,
401 768 507 826 tamen
531 777 682 837 quaeram
704 777 760 821 cur
782 777 800 822 e
822 757 960 840 sapienti

154 875 250 938 stulta
274 883 369 957 queat
389 876 478 953 fieri,
494 892 554 938 neo
576 870 717 956 prudens
740 871 780 935 sit
801 889 880 954 puer
902 871 1007 955 ultus,

83 1008 131 1053 ror
156 1007 216 1053 nee
239 995 305 1054 tarn
328 991 441 1056 doctus
463 1008 563 1071 equae
585 985 693 1069 pullus
717 1005 813 1066 quam
836 984 927 1051 fo1tis
951 986 1023 1067 equi
1045 984 1121 1051 vis?

156 1102 296 1180 scilicet,
312 1103 344 1165 in
368 1109 477 1167 tenero
501 1110 704 1167 tenerascere
728 1119 861 1182 corpore
883 1107 1022 1164 mentem

157 1216 361 1302 confugient.
380 1217 467 1299 quod
491 1217 518 1282 si
540 1216 604 1279 iarn
626 1214 680 1290 fit,
696 1213 816 1279 fateare
838 1220 1002 1280 necessest

95 1387 100 1400 ,
157 1333 325 1398 mortalem
348 1353 419 1397 esse
442 1333 601 1415 animam,
620 1330 770 1412 quoniam
792 1335 915 1393 mutata
936 1349 993 1414 per
1017 1335 1105 1395 artus

157 1452 245 1509 tanto
269 1466 365 1531 opere
388 1447 502 1511 amittit
523 1446 622 1510 vitam
645 1463 835 1525 sensumque
857 1446 1016 1528 priorem.

156 1580 259 1641 quove
283 1560 377 1625 modo
400 1561 516 1644 poterit
537 1560 656 1644 pariter
679 1580 748 1623 curn
772 1579 905 1642 corpore
929 1581 1056 1642 quoque

83 1695 132 1741 rao
158 1676 344 1740 confirmata
367 1675 504 1759 cupitum
528 1674 645 1740 aetatis
666 1679 800 1758 tangere
823 1674 932 1740 florem

156 1791 205 1854 vis
228 1790 346 1868 animi,
364 1790 426 1855 nisi
449 1789 508 1855 erit
530 1808 661 1854 consors
684 1790 717 1853 in
741 1789 863 1873 origine
886 1789 1017 1872 prima?

158 1885 273 1985 quidve
296 1903 383 1970 foras
406 1905 466 1970 sibi
488 1905 556 1970 vult
578 1905 728 1968 membris
751 1904 838 1969 exire
862 1904 1027 1970 senectis?

157 2039 201 2083 an
222 2020 333 2085 metuit
356 2021 509 2086 conclusa
531 2038 663 2084 manere
686 2020 718 2083 in
742 2039 875 2102 corpore
897 2019 1002 2104 putri,

157 2140 188 2197 et
211 2133 323 2198 domus
346 2136 460 2199 aetatis
484 2135 587 2219 spatio
610 2154 650 2198 ne
673 2134 759 2199 fessa
780 2139 906 2198 vetusto

84 2267 132 2316 715
158 2248 298 2312 obruat?
314 2254 347 2311 at
370 2269 433 2314 non
456 2253 529 2313 sunt
551 2249 721 2314 immortali
743 2248 811 2313 uilo,
833 2249 973 2333 pericla.

200 2363 347 2444 Denique
370 2363 506 2434 conubia
529 2363 572 2427 ad
595 2364 728 2430 Veneris
752 2371 923 2449 partusque
946 2363 1085 2428 ferarum

158 2498 229 2543 esse
253 2477 378 2544 animas
401 2486 508 2565 presto
532 2478 740 2544 deridiculum
764 2500 836 2545 esse
859 2481 1002 2564 videtur,

159 2601 331 2678 expectare
354 2595 545 2660 immortalis
563 2595 712 2660 mortalia
735 2597 878 2671 membra

159 2710 323 2776 innumero
347 2732 499 2789 numero,
516 2719 703 2795 certareque
725 2718 1014 2796 praeproperanter

85 2847 135 2894 rso
160 2827 243 2891 inter
265 2847 300 2893 se
324 2848 407 2911 quae
430 2828 534 2913 prima
556 2828 786 2913 potissimaque
808 2828 1007 2905 insinuetur;

159 2943 184 3006 si
208 2964 272 3006 non
297 2943 378 3009 forte
401 2945 445 3008 ita
468 2951 542 3008 sunt
560 2945 738 3007 animarum
760 2944 892 3009 foedera
914 2949 1028 3027 pacta,

159 3064 193 3122 ut
218 3078 299 3140 quac
323 3059 425 3140 prima
448 3058 564 3122 volans
587 3060 753 3124 advenerit
774 3060 951 3124 insinuetur

159 3173 282 3258 prima,
299 3191 403 3254 neque
426 3173 507 3237 inter
529 3193 565 3237 se
588 3174 783 3239 contendant
806 3174 928 3238 viribus
950 3173 1072 3236 hilum.

201 3285 348 3367 Denique
370 3288 402 3350 in
425 3289 555 3353 aethere
577 3309 641 3352 non
664 3291 781 3373 arbor,
798 3311 861 3354 non
884 3308 1023 3370 aequore
1046 3287 1132 3353 salso

86 3422 135 3471 rso
161 3402 261 3465 nubes
284 3421 356 3466 esse
379 3409 519 3486 queunt,
536 3423 596 3467 neo
617 3404 722 3486 pisces
747 3404 852 3469 vivere
875 3405 908 3467 in
930 3404 1034 3488 arvis,

162 3535 220 3580 nee
244 3536 336 3579 cruor
357 3517 390 3580 in
412 3518 508 3599 lignis
530 3539 634 3599 neque
657 3520 743 3585 saxis
767 3541 860 3584 sucus
883 3520 1010 3584 inesse.
1125 3588 1128 3593 ,

161 3637 280 3694 eertum
303 3652 342 3695 ac
364 3633 585 3716 dispositumst
607 3635 661 3699 ubi
686 3636 825 3718 quicquit
847 3642 970 3701 crescat
991 3640 1023 3700 et
1043 3632 1139 3699 insit.

161 3746 207 3811 sic
229 3746 328 3810 animi
351 3754 466 3813 natura
489 3750 600 3832 nequit
622 3750 690 3815 sine
714 3770 846 3834 corpore
870 3749 945 3813 oriri

160 3861 231 3928 sola
254 3882 357 3945 neque
380 3884 401 3928 a
423 3864 529 3929 nervis
552 3871 584 3929 et
606 3863 763 3947 sanguine
786 3852 924 3950 longiter
945 3884 1037 3930 esse.

165 4136 214 4182 760
234 4132 276 4182 Sic
297 4130 309 4198 Η
330 4148 436 4195 corporo
456 4129 469 4199 ΙΙ
496 4137 649 4182 763=r4e
677 4131 689 4202 Η
717 4138 766 4183 rot
785 4135 874 4197 paulus
897 4132 910 4202 Η
938 4138 987 4184 tro
1007 4136 1059 4185 iarn
1076 4135 1178 4185 mortali
1199 4131 1213 4203 Η
1235 4137 1283 4185 784

163 4220 189 4269 in
208 4221 277 4268 alto.
298 4218 311 4289 tt
333 4222 381 4268 185
400 4218 473 4269 Nube
493 4219 507 4289 Η
530 4223 577 4270 ῖ89
597 4221 698 4284 longius
1254 4248 1258 4255 ·
