2744 4658
653 230 669 294 I

98 426 231 491 corpore
254 405 431 471 seiunctum
454 408 674 484 secretumque
697 421 768 466 esse
792 401 833 465 ab
855 400 962 478 inani,

47 531 52 536 ’
99 522 185 603 quod
208 520 300 601 quasi
321 519 414 583 tertia
436 518 476 584 sit
497 538 629 584 numero
653 524 766 582 natura
788 521 935 600 reperta..
1024 541 1025 545 ¹

99 656 173 700 nam
197 636 282 717 quod
305 652 440 717 eumque
462 634 541 711 erit,
566 654 637 699 esse
659 631 782 715 aliquid
805 631 934 698 debebit
956 630 988 694 id
1013 630 1140 712 ipsum:

22 771 76 819 435
102 750 152 816 eui
175 750 201 816 si
223 756 326 816 taetus
348 751 407 816 erit
430 749 573 833 quamvis
596 749 680 839 levis⁴
698 748 915 832 exiguusque,

21 886 74 934 434
100 865 250 949 augmine
273 867 324 930 vel
346 865 459 948 grandi
481 865 532 930 vel
557 884 657 946 parvo
682 863 841 943 denique,
865 861 940 925 dum
964 861 1024 936 sit,
1100 888 1109 904 ·

21 1001 73 1049 436
98 983 241 1066 eorporis
263 979 395 1062 augebit
418 997 582 1043 numerum
606 997 824 1058 summamque
849 981 1019 1058 sequetur:

99 1097 148 1162 sin
171 1094 315 1159 intactile
340 1095 418 1171 erit,
442 1095 532 1157 nulla
554 1091 594 1156 de
617 1099 706 1174 parte
730 1092 817 1173 quod
839 1093 937 1156 ullam

99 1230 165 1275 rem
188 1208 359 1294 prohibere
383 1215 480 1289 queat
502 1228 558 1291 per
581 1227 616 1272 se
639 1206 795 1270 transsire
816 1212 995 1290 meantem,

100 1325 238 1405 seilicet,
262 1323 323 1386 hoe
345 1321 380 1385 iu
402 1323 480 1397 enit,
504 1342 639 1385 vacuum
664 1320 750 1402 quad
772 1322 870 1385 inane
894 1338 1064 1384 vocamus.

22 1408 78 1503 440
102 1441 269 1519 praeterea
293 1457 348 1519 per
371 1456 407 1500 se
430 1435 673 1518 quodeunque
696 1437 773 1522 erit,
798 1442 853 1501 aut
878 1435 974 1501 saeiet
997 1434 1073 1517 quid
1166 1450 1168 1455 ⁴

101 1557 156 1615 aut
178 1552 250 1616 aliis
273 1549 364 1633 fungi
388 1550 518 1616 debebit
539 1551 706 1634 agentibus
729 1552 853 1637 ipsum,

101 1673 157 1732 aut
179 1666 238 1731 erit
260 1673 294 1730 ut
316 1667 439 1750 possint
457 1666 495 1730 in
517 1687 555 1731 ee
578 1687 628 1732 res
652 1687 724 1734 esse
748 1669 901 1750 gerique:

100 1789 134 1846 at
155 1782 261 1847 faeere
285 1789 316 1847 et
337 1782 428 1867 fungi
451 1785 520 1848 sine
544 1802 677 1865 corpore
700 1783 789 1847 nulla
812 1789 917 1866 potest
943 1802 1016 1868 res,

101 1915 161 1960 nee
181 1897 337 1980 praebere
360 1898 464 1962 laeum
488 1918 583 1980 perro
606 1899 667 1962 nisi
691 1899 786 1962 inane
808 1917 1010 1979 venansque.

22 1982 201 2092 ssei-ergo,
224 2019 352 2094 praeter
372 2012 468 2077 inane
493 2020 523 2077 et
546 2034 700 2096 corpora,
724 2013 816 2077 tertia
838 2034 896 2096 per
919 2033 953 2077 se

99 2126 190 2190 nulla
211 2134 319 2211 potest
341 2148 441 2192 rerum
466 2128 498 2191 in
520 2149 655 2194 numero
678 2106 791 2192 natuia
813 2129 970 2213 relinqui,

101 2260 161 2305 nee
184 2261 266 2321 quae
290 2243 348 2306 sub
373 2262 486 2306 sensus
510 2242 606 2307 eadat
629 2244 694 2306 ulle
718 2250 861 2327 tempore
883 2250 1029 2320 nostros,

102 2372 162 2416 nee
184 2356 308 2418 ratione
330 2356 427 2417 animi
451 2377 544 2436 quam
569 2358 737 2438 qnisquam
760 2360 861 2442 possit
884 2360 1007 2442 apisai.

147 2468 230 2531 Nam
255 2487 337 2548 quae
361 2486 495 2547 eumque
519 2470 645 2547 uiuent,
669 2479 724 2534 aut
746 2473 794 2536 his
819 2475 988 2538 coniuncta
1011 2475 1136 2540 duabus

24 2602 78 2650 450
103 2581 201 2646 rebus
224 2602 264 2646 ea
286 2581 430 2646 invenies
454 2589 510 2644 ant
532 2582 643 2645 horum
667 2592 779 2647 eventa
800 2587 945 2652 videbis.

102 2697 303 2762 eoniunetum
328 2702 377 2762 est
399 2696 433 2760 id
456 2695 542 2777 qnod
566 2693 723 2780 nusquam
748 2698 817 2762 sine
839 2701 1005 2782 perniciali

102 2812 237 2877 diseidio
261 2813 343 2896 petis
367 2817 416 2877 est
438 2811 562 2894 seiungi
587 2832 686 2894 seque
709 2814 859 2895 gregari3

102 2927 228 3011 pondus
251 2928 297 2991 uti
320 2928 440 3005 suniat,
463 2927 550 2991 calor
573 2928 677 3011 ignis,
701 2929 806 3011 liquor
829 2930 944 3011 aquai.

25 3062 78 3108 455
105 3042 266 3106 servitium
290 3051 420 3119 eontra,
444 3049 639 3125 paupertas,
664 3043 877 3127 divitiaeque,

103 3155 253 3234 libertas,
277 3157 416 3232 beilum,
440 3135 631 3241 eoncordia,
657 3165 765 3222 uetera
788 3178 919 3239 quorum

103 3271 241 3336 adventu
265 3278 372 3336 manet
394 3271 562 3352 ineolqmis
585 3279 701 3337 natura
724 3273 898 3357 abituqne,

102 3386 182 3449 haee
205 3384 289 3449 soliti
313 3406 442 3468 sumus,
467 3393 501 3449 ut
523 3409 580 3471 par
604 3395 672 3465 est,
697 3394 811 3454 eventa
833 3406 970 3452 vesane.

10 3500 15 3647 Η
102 3509 227 3583 tempus
250 3499 323 3563 item
345 3521 402 3584 per
425 3521 459 3566 se
484 3524 545 3567 non
570 3511 637 3587 est,
663 3504 720 3569 sed
744 3505 839 3569 rebus
862 3504 903 3568 ab
926 3505 1004 3587 ipsis

12 3634 78 3680 460
105 3614 308 3694 consequitur
331 3636 464 3691 sensus,
487 3623 683 3682 transactum
707 3619 781 3700 quid
806 3620 846 3684 sit
868 3621 900 3683 in
922 3639 1021 3703 seve,

103 3735 166 3791 tum
192 3749 348 3812 quaeres
371 3731 485 3807 instet,
511 3733 585 3811 quid
609 3753 703 3815 perro
728 3734 847 3799 deinde
869 3741 1041 3817 sequatur:

105 4030 155 4077 438
175 4039 285 4080 transere
306 4030 319 4098 Η
344 4037 393 4083 442
414 4045 517 4098 possunt
537 4032 550 4103 Η
576 4039 626 4085 449
647 4016 729 4087 eivenit
749 4037 763 4107 Η
787 4039 1043 4089 coniunctoduobus.
1066 4038 1078 4106 Η
1103 4044 1149 4087 45]
1173 4055 1228 4102 pei·-

105 4116 215 4164 mitiali.
241 4115 254 4184 Η
280 4122 329 4166 452
349 4124 481 4184 greagari.
509 4121 521 4192 Η
546 4126 597 4172 453
618 4127 686 4174 saxis
706 4123 719 4194 Η
739 4142 836 4188 aquae.
858 4124 871 4195 Η
895 4127 1228 4189 454'1'aetusem·poribus

13 4216 17 4305 Η
106 4205 202 4252 eunctis
224 4205 330 4253 intactus
350 4207 436 4256 inani.
462 4207 476 4277 Η
502 4215 552 4259 455
572 4214 721 4275 divineque.
748 4213 761 4282 Η
785 4218 836 4263 458
855 4224 944 4263 evento

1007 4315 1034 4376 ‘4
