2678 4658
115 238 153 302 12
371 212 378 224 '
665 239 680 302 1

40 427 89 474 275
114 407 289 489 silvifragis
312 415 408 471 vexat
429 409 557 473 flabris:
580 409 624 471 112
647 409 781 491 perfurit
803 410 868 472 acri

110 542 180 585 eum
204 521 331 587 fremitu
354 523 521 604 saevitque
545 522 660 588 minaci
685 544 842 588 murmure
865 532 1001 588 ventus.
1096 529 1099 534 ’

112 643 184 700 2222
205 637 301 720 igitur
322 628 430 714 22221,Ι
453 639 484 700 21
508 638 640 720 mirum,
665 658 799 720 corpora
822 658 939 722 caeca,

113 770 195 831 quae
218 772 324 829 mare,
350 772 431 833 quae
454 758 576 835 terrae,
601 772 685 832 quae
709 753 847 834 denique
872 754 980 817 nubila
996 756 1085 818 22211

112 871 243 929 verrunt
265 886 303 930 ac
327 867 431 931 subito
455 867 605 930 vexantia
627 867 752 936 turbine
777 872 922 950 raptant,

37 999 89 1045 222
112 998 172 1043 222
194 979 316 1044 ratione
338 979 440 1044 fluunt
462 980 527 1044 2112
551 986 753 1063 stragemque
775 987 976 1064 propagant,

110 1099 141 1156 22
163 1112 232 1157 cum
257 1094 362 1158 mollis
385 1113 489 1175 aquae
511 1094 612 1158 fertur
634 1101 748 1158 natura
770 1100 900 1178 repente

110 1205 240 1272 flumine
264 1209 459 1286 abundanti,
484 1231 578 1291 quam
602 1211 702 1291 largis
724 1210 878 1274 imbribus
901 1217 998 1293 auget

112 1322 271 1387 montibus
294 1344 333 1387 ex
355 1322 429 1389 altis
453 1344 587 1407 magnus
611 1325 765 1389 decursus
789 1324 906 1408 aquai,

111 1436 269 1519 fragmina
291 1439 451 1504 coniciens
475 1440 629 1504 silvarum
653 1439 848 1519 arbustaque
870 1444 957 1520 tota,

39 1571 89 1617 222
111 1570 170 1615 222
192 1551 290 1615 validi
312 1561 447 1636 possunt
468 1561 582 1637 pontes
604 1553 762 1618 venientis
785 1555 881 1634 aquai

110 1665 173 1728 vim
197 1666 332 1730 subitam
355 1667 512 1732 tolerare:
537 1668 582 1731 ita
605 1689 722 1748 magno
746 1667 892 1731 turbidus
914 1667 1006 1731 imbri

111 1758 249 1844 molibus
272 1781 422 1865 incurrit,
446 1782 561 1846 validis
583 1802 655 1871 cum
678 1782 815 1864 viribus,
840 1782 962 1858 amuirr,

111 1894 168 1957 dat
191 1895 296 1960 sonitu
318 1917 436 1979 magno
461 1901 620 1979 stragem,
644 1896 806 1978 volvitque
830 1897 1006 1960 subaudis

110 2009 369 2092 grandissono,
392 2011 518 2092 ruitque
541 2010 585 2074 ita
608 2010 762 2091 quidquid
785 2011 934 2074 fluetibus
957 2011 1079 2074 obstat.

38 2145 88 2209 222
112 2123 157 2188 212
181 2124 275 2207 igitur
299 2124 416 2188 debent
437 2126 524 2189 venti
548 2143 675 2205 quoque
698 2123 827 2187 flamina
849 2122 946 2199 ferri,

104 2240 195 2320 'quae
216 2240 268 2304 vel
291 2240 334 2302 uti
358 2239 499 2303 validum
522 2259 593 2302 curn
615 2239 733 2303 flumen
755 2239 951 2322 procubuere

112 2374 207 2434 quam
229 2353 307 2417 libet
329 2353 362 2417 in
384 2359 526 2436 partem,
550 2353 678 2417 trudunt
700 2372 752 2418 res
775 2360 849 2417 ante
874 2360 1029 2436 ruuntque

110 2458 279 2552 impetibus
302 2469 442 2541 enebris,
464 2468 546 2532 inter
570 2467 643 2532 dum
666 2469 784 2533 vertice
807 2474 889 2533 torto

112 2581 285 2666 corripiunt
306 2582 485 2667 rapideque
509 2585 627 2648 rotanti
650 2584 776 2649 turbine
798 2592 947 2668 portant.

39 2719 88 2765 222
113 2717 212 2778 quare
234 2698 328 2762 etiam
352 2699 565 2799 atque‘etiam
589 2704 663 2763 sunt
684 2700 927 2795 vent’gcorpora
950 2698 1066 2781 22222,

112 2812 371 2895 quandoquidem
395 2814 488 2878 122212
512 2821 543 2877 22
564 2815 705 2877 moribus
728 2813 855 2876 aemula
878 2813 1002 2896 magnis

111 2928 257 2992 amnibus
279 2928 501 3009 inveniuntur,
525 2933 637 3010 aperto
661 2912 794 3010 colbore
817 2927 869 3009 qui
893 2935 986 2992 sunt.

110 3049 176 3107 tum
199 3063 293 3127 porro
316 3041 425 3106 varios
449 3062 553 3105 rerum
576 3040 730 3105 sentimus
753 3042 888 3118 odores,

110 3177 170 3222 neo
192 3162 298 3239 tamen
321 3176 360 3220 ao
384 3156 471 3221 naris
493 3156 649 3221 venientis
673 3157 828 3221 cernimus
851 3176 1023 3240 umquam,

38 3293 89 3339 222
110 3292 171 3336 222
194 3271 317 3335 calidos
339 3276 448 3336 aestus
469 3271 605 3354 tuimur,
629 3290 688 3335 uec
710 3270 832 3354 frigora
855 3273 981 3353 quimus

110 3405 266 3469 usurpare
290 3385 410 3469 oculis,
435 3405 493 3450 nec
515 3405 610 3451 voces
634 3404 764 3450 cernere
788 3405 933 3463 suemus3

111 3519 195 3582 quae
218 3505 325 3563 tamen
349 3500 457 3564 omnia
479 3520 635 3583 corporea
658 3505 804 3564 constare
826 3506 990 3564 necessest

111 3621 246 3690 natura,
272 3615 422 3696 qnoniam
447 3634 560 3679 sensus
581 3614 735 3699 inpellere
758 3619 910 3696 possunt:

111 3736 243 3811 tangere
266 3727 402 3791 enimet
424 3728 535 3808 tangi,
560 3728 623 3792 nisi
646 3749 780 3811 corpus,
803 3727 893 3791 nulla
915 3734 1020 3811 potest
1042 3747 1115 3792 ree.

35 3860 85 3908 305
111 3841 249 3921 denique
271 3840 448 3925 fluctifrago
472 3863 648 3927 suspensae
671 3844 702 3905 in
726 3843 817 3906 litore
839 3849 945 3906 vestes

114 4109 163 4156 276
176 4116 284 4171 pontus.
306 4104 318 4174 11
342 4107 391 4155 282
407 4122 480 4168 quem
501 4107 512 4175 11
534 4110 584 4158 286
598 4109 712 4157 turbibus
733 4105 745 4176 ΙΙ
766 4111 816 4158 289
829 4109 881 4157 ruit
894 4123 944 4172 qua
957 4108 1079 4171 quidquid
1098 4106 1112 4175 Η
1132 4109 1182 4155 294
1195 4118 1233 4149 ra-

113 4196 218 4260 pidique
