2744 4658
663 267 707 330 vr
1159 244 1243 336 '241

120 442 261 526 pondere
284 441 369 506 enirn
391 441 493 505 fretae
515 438 631 524 partim
654 437 863 520 01001;110011
885 456 988 519 genus
1007 458 1141 501 aurum:

119 565 151 622 et
172 558 288 642 partim
311 577 384 621 raro
410 555 486 638 quia
507 560 581 619 sunt
603 575 673 619 curn
698 572 850 637 corpore,
867 558 901 616 ut
923 558 1033 617 aestus

36 694 103 741 1060
120 673 265 757 pervolet
286 673 442 756 intactus,
460 676 622 752 nequeunt
643 668 790 758 inpellier
812 688 967 749 usquam;

118 787 228 871 lignea
251 787 400 852 materies
423 787 456 850 in
480 806 542 867 quo
565 804 685 867 genere
708 803 781 848 0000
804 783 947 848 videtur.

119 902 337 984 interutraque
360 903 456 986 igitur
478 899 556 965 ferri
578 905 693 963 natura
714 898 821 963 locata

122 1017 204 1082 aeris
227 1016 282 1081 ubi
304 1017 426 1100 accepit
448 1016 607 1099 quaedam
631 1014 839 1098 corpuscula,
857 1019 921 1077 tum
945 1013 998 1096 fit,

119 1133 274 1218 inpellant
295 1138 330 1196 ut
353 1152 422 1197 eam
446 1131 616 1213 Magnesia
637 1129 767 1194 flumine
789 1149 890 1194 00110.

37 1269 103 1316 1000
119 1247 179 1312 000
200 1254 310 1312 tamen
331 1247 414 1313 haec
435 1248 481 1311 ita
503 1252 578 1311 sunt
600 1245 734 1309 aliarum
756 1265 861 1308 rerum
884 1244 1010 1326 aliena,
1106 1314 1108 1319 .

120 1369 154 1426 ut
175 1361 253 1425 mihi
274 1363 374 1426 multa
396 1383 508 1447 parum
532 1380 651 1446 genere
674 1381 714 1425 ex
736 1359 797 1425 1100
820 1359 1080 1444 suppeditentur,

120 1496 201 1559 quae
223 1495 401 1541 memorare
425 1494 541 1556 queam
563 1475 646 1540 inter
667 1474 872 1558 singillariter
892 1479 986 1557 apta.

120 1613 201 1658 00110
223 1592 313 1657 vides
334 1592 471 1677 primum
494 1591 566 1655 sola
590 1590 752 1655 colescere
775 1591 884 1654 calce.

118 1707 239 1789 glutire
260 1707 411 1772 materies
432 1706 559 1772 taurino
582 1705 722 1789 iungitur
743 1725 828 1787 uno,

37 1827 155 1888 101001
177 1822 253 1885 vitio
276 1840 377 1886 venae
399 1818 581 1884 tabularum
604 1820 734 1903 saepius
756 1820 882 1883 hiscant

121 1956 216 2017 quam
241 1936 352 2000 laxare
375 1939 495 2016 queant
517 1953 689 2018 compages
711 1940 825 1999 taurea
847 1933 973 1998 vincla.

120 2051 251 2132 vitigeni
273 2050 386 2115 latices
409 2047 508 2129 aqiiai
531 2047 672 2113 fontibus
694 2048 815 2112 audent
911 2042 914 2048 ’

117 2164 264 2247 misceri,
282 2184 352 2229 cum
375 2163 430 2248 pix
453 2169 594 2245 nequeat
615 2163 724 2244 gravis
746 2169 778 2227 et
799 2162 868 2228 leve
892 2163 1030 2228 olivom.

117 2298 358 2361 purpureusque
381 2278 470 2343 colos
493 2278 640 2361 conchyli
661 2278 802 2359 iungitur
822 2299 885 2342 uno
928 2326 930 2330 -

38 2412 104 2459 1010
122 2409 255 2475 corpore
279 2409 348 2454 curn
371 2391 486 2475 lanae,
503 2391 605 2455 dirimi
630 2393 684 2473 qni
706 2413 770 2457 non
793 2399 891 2475 queat
913 2413 1067 2478 usquam3

120 2526 184 2570 non
208 2505 234 2570 si
256 2505 395 2590 Neptuni
417 2505 513 2570 fluctu
536 2526 690 2572 renovare
715 2527 845 2590 operam
868 2510 925 2574 des
938 2530 963 2591 3·

119 2642 204 2698 nou,
219 2640 309 2686 mare
332 2621 359 2685 si
381 2627 481 2685 totum
504 2621 581 2686 velit
603 2621 711 2685 eluere
734 2623 881 2687 omuibus
903 2622 1017 2689 undis.

120 2735 260 2818 denique
283 2756 348 2800 non
370 2756 449 2800 auro
472 2756 524 2801 res
547 2755 656 2799 aurum
681 2737 810 2818 copulat
833 2759 915 2820 una,

118 2851 250 2932 aerique
273 2870 328 2915 aes
352 2851 480 2934 plumbo
503 2851 538 2916 lit
561 2851 604 2914 uti
627 2851 777 2932 iungatur
799 2852 840 2916 ab
863 2853 967 2917 albo?

37 2964 314 3031 10800010101001
338 2985 432 3045 quam
457 2967 555 3029 multa
577 2966 651 3030 licet
673 2967 832 3051 reperire!
850 2966 925 3048 quid
949 2967 1051 3050 ergo?

121 3098 180 3143 nec
201 3078 259 3143 tibi
281 3085 345 3143 tam
369 3079 473 3160 longis
497 3098 577 3164 opus
601 3085 649 3144 est
672 3081 863 3162 ambagibus
884 3102 1040 3163 usquam,

121 3212 180 3257 nec
202 3213 253 3257 me
276 3199 342 3258 tam
364 3194 494 3257 multam
520 3193 571 3258 hio
592 3214 722 3279 operam
747 3216 932 3261 consumere
955 3217 1013 3281 par
1036 3203 1104 3280 est,

118 3307 177 3373 sed
200 3308 338 3373 breviter
361 3309 471 3391 paucis
495 3316 637 3392 praestat
663 3310 893 3395 comprendere
916 3311 1035 3375 multa.

119 3443 253 3505 quorum
275 3424 321 3488 ita
343 3430 489 3489 texturae
514 3423 695 3488 oeciderunt
717 3433 827 3490 mutua
850 3432 981 3510 contra,

36 3556 103 3604 1080
122 3542 156 3600 ut
177 3557 257 3604 cava
279 3540 471 3604 conveniant
492 3539 596 3625 plenis
618 3538 698 3628 haec
720 3541 806 3604 illius
830 3541 887 3605 illa

117 3652 274 3734 huiusque
296 3655 379 3720 inter
401 3675 456 3738 00,
480 3655 627 3718 10001010
650 3655 730 3720 haec
753 3655 873 3738 optima
894 3662 1039 3720 constat.

119 3775 168 3834 001
191 3769 308 3853 etiam,
327 3771 416 3852 quasi
441 3776 474 3833 ut
496 3769 613 3835 anellis
635 3770 801 3853 hamisque
823 3771 945 3856 plicata

123 4070 240 4119 105901
260 4067 273 4137 11
296 4074 361 4121 1060
381 4074 450 4124 Inter
464 4083 582 4137 utrasque
604 4074 616 4140 11
637 4075 722 4123 loeta.
745 4071 758 4140 11
781 4077 848 4124 1064
867 4091 925 4125 eum
945 4073 957 4144 11
978 4077 1085 4126 flumina
1105 4075 1117 4147 11
1141 4083 1205 4130 1067
1220 4098 1246 4132 00

120 4158 286 4222 singulariter
297 4168 399 4223 aptam.
421 4159 434 4229 11
456 4165 522 4212 1068
536 4163 593 4211 vide
607 4162 619 4227 11
635 4163 777 4212 coolescere
797 4159 811 4229 11
833 4166 899 4213 1069
912 4180 978 4214 una.
1000 4168 1013 4231 11
1035 4170 1098 4216 1701
1114 4168 1244 4237 11001011

123 4249 190 4296 1076
210 4261 338 4296 nenovara
358 4245 371 4316 11
394 4252 459 4298 1077
480 4251 563 4300 010010
584 4249 597 4318 11
620 4252 824 4301 10781000010
845 4249 858 4320 11
883 4254 949 4301 1079
968 4253 1087 4316 Aeraque
1105 4256 1209 4318 plumbo

1004 4356 1042 4418 16
