2744 4658
707 226 765 290 [Ill

91 416 141 464 545
168 401 202 461 et
224 396 316 481 cycni
338 398 430 461 tortis
452 396 649 463 convallibus
673 417 712 460 ex
736 396 898 462 Heliconis

167 532 241 577 cum
263 510 417 594 liquidam
440 511 555 576 tollunt
575 512 702 594 lugubri
725 532 803 576 voce
826 515 1021 593 querellam.

208 627 314 692 Hasce
335 625 431 710 igitur
453 627 580 713 penitus
603 647 698 692 voces
722 648 790 692 curn
815 647 947 711 corpore
971 637 1078 696 nostro

169 741 377 827 exprimimus
400 747 549 824 rectoque
572 740 661 806 foras
684 742 854 807 emittimus
878 763 954 820 ore,

167 857 295 923 mobilis
318 856 466 921 articulat
488 856 656 920 verborum
679 855 820 921 daedala
842 857 974 940 lingua,

86 994 141 1042 550
168 971 409 1054 formaturaque
431 971 593 1036 labrorum
615 991 673 1055 pro
696 977 788 1056 parte
810 972 945 1054 figurat.

84 1111 142 1161 555
168 1088 232 1153 hoc
254 1088 308 1153 ubi
331 1108 396 1153 non
418 1086 547 1170 longum
572 1087 737 1170 spatiumst
760 1087 844 1151 unde
866 1108 931 1151 una
953 1090 1106 1173 profecta·

167 1203 335 1290 perueniat
355 1223 418 1268 vox
441 1221 608 1284 quaeque,
625 1207 791 1266 necessest
812 1203 911 1266 verba
935 1224 1062 1285 quoque
1084 1205 1156 1289 ipsa

85 1342 141 1390 555
169 1319 268 1405 plane
291 1316 434 1384 exaudiri
458 1317 658 1399 discernique
680 1315 888 1381 articulatim:

168 1438 276 1499 555555
299 1432 382 1496 enim
405 1431 611 1497 formaturam
634 1437 806 1512 servatque
829 1431 984 1514 liguram.

168 1554 203 1612 at
224 1547 252 1614 si
273 1547 355 1611 inter
375 1547 512 1631 positum
536 1547 674 1631 spatium
698 1546 740 1612 sit
762 1546 889 1632 lougius
913 1567 1036 1630 aequo,

169 1672 247 1729 5555
268 1662 476 1747 permultum
499 1660 650 1728 confundi
673 1663 774 1728 verba
797 1669 959 1728 necessest

170 1784 201 1844 et
222 1777 403 1843 conturbari
426 1797 559 1861 vocem,
577 1777 649 1840 dum
673 1778 849 1841 transvolat
872 1798 989 1842 auras.

94 1916 149 1964 555
174 1913 246 1978 crgo
268 1893 323 1977 lit,
341 1893 476 1958 sonitum
500 1899 534 1956 ut
556 1891 659 1975 possis
682 1891 820 1974 sentire,
838 1911 940 1972 neque
963 1892 1053 1957 illam

170 2008 402 2092 internoscere,
419 2008 590 2072 verborum
614 2006 771 2072 sententia
794 2026 876 2088 quae
899 2007 957 2072 sit:

168 2142 267 2205 usque
290 2121 372 2188 adeo
395 2121 528 2188 confusa
550 2121 636 2186 venit
658 2142 721 2186 vox
743 2121 839 2204 inque
861 2123 990 2205 pedita.

165 2243 338 2325 praeterea
361 2237 490 2302 verbum
514 2250 613 2321 saepe
636 2258 734 2301 unum
756 2236 878 2331 perciet
899 2237 986 2304 auris

165 2353 314 2419 omnibus
335 2353 368 2417 in
392 2352 510 2438 populo
524 2401 531 2435 ,
547 2352 679 2417 missum
702 2351 870 2433 praeconis
892 2353 933 2417 ab
957 2372 1032 2418 ore.

81 2490 139 2540 565
166 2469 199 2533 in
222 2469 339 2533 multas
360 2468 455 2552 igitur
477 2486 572 2531 voces
595 2486 658 2530 vox
680 2485 745 2528 una
768 2473 900 2549 repente

165 2583 312 2669 diffugit,
327 2583 361 2647 in
382 2583 490 2666 privas
513 2580 664 2663 quoniam
687 2598 723 2644 se
746 2579 859 2644 dividit
881 2583 988 2659 auris,

166 2699 342 2783 obsignans
363 2698 496 2761 formam
519 2696 607 2761 verbi
630 2695 814 2776 clarumque
838 2714 1007 2760 sonorem.

167 2823 201 2881 at
223 2833 307 2896 quae
330 2833 406 2896 pars
427 2832 540 2878 vocum
564 2831 627 2874 non
652 2809 738 2875 auris
759 2800 872 2874 incidit
892 2810 1001 2895 ipsas,

166 2929 381 3014 praeterlata
403 2926 487 3011 perit
507 2924 623 2990 frustra
647 2925 763 2990 diffusa
784 2945 842 3010 per
864 2945 981 2990 auras:

82 3069 141 3119 555
167 3064 263 3130 pars,
281 3043 392 3110 solidis
415 3042 539 3124 adlisa,
557 3039 635 3104 locis
658 3041 780 3104 reiecta
803 3060 952 3106 sonorem

166 3159 273 3225 reddit
295 3164 327 3224 et
348 3158 430 3222 inter
452 3159 526 3221 dum
548 3155 716 3219 frustratur
738 3155 877 3237 imagine
899 3158 1008 3222 verbi.

168 3294 252 3359 quae
274 3273 356 3339 bene
379 3292 449 3337 cum
471 3271 601 3354 videas,
618 3269 774 3334 rationem
797 3269 933 3334 reddere
956 3274 1061 3354 possis

166 3395 235 3455 tute
257 3389 314 3453 tibi
336 3395 432 3470 atque
456 3386 549 3470 aliis,
568 3406 630 3468 quo
653 3391 748 3467 pacto
771 3405 828 3469 per
850 3385 924 3451 loca
947 3386 1016 3449 sola

169 3525 250 3569 saxa
271 3505 358 3588 paris
380 3504 501 3568 formas
525 3502 694 3566 verborum
717 3519 756 3563 ex
779 3499 889 3564 ordine
913 3499 1069 3584 reddant,

88 3643 141 3690 555
168 3619 309 3705 palantis
332 3618 462 3684 comites
485 3636 555 3681 com
577 3615 692 3680 montis
715 3615 798 3680 inter
821 3636 941 3699 opacos

168 3735 354 3818 quaerimus
377 3740 408 3798 et
429 3752 548 3814 magna
571 3730 737 3814 dispersos
760 3749 838 3793 voce
861 3729 1001 3794 ciemus.

169 3870 229 3915 sex
252 3849 349 3913 etiam
372 3854 428 3913 aut
450 3853 571 3931 septem
594 3844 666 3909 loca
689 3842 754 3909 vidi
777 3842 913 3910 reddere
935 3865 1050 3929 voces,

172 4128 223 4177 545
242 4125 276 4174 Et
286 4124 377 4173 validis
389 4124 456 4174 nccti
468 4125 541 4174 tortis
554 4140 586 4174 ex
606 4121 619 4193 11
640 4125 690 4172 548
709 4120 833 4170 mittimus
853 4116 866 4185 ll
887 4121 936 4168 549
957 4135 1089 4169 nervorum
1109 4116 1123 4186 Η
1144 4120 1194 4168 553
1214 4114 1293 4186 111511

172 4216 223 4264 567
243 4212 325 4263 verbis
345 4207 358 4279 ΙΙ
379 4214 429 4261 570
449 4212 514 4276 lopis
534 4212 547 4277 ΙΙ
570 4214 619 4260 576
639 4224 744 4273 magnas
765 4203 778 4274 11
800 4210 830 4255 57
837 4210 848 4253 7
870 4206 952 4255 ridere
972 4207 1049 4256 551555
1067 4206 1152 4255 55515.
