2744 4658
651 225 694 290 VI

109 396 248 464 forsitan
270 417 311 462 ex
332 398 403 482 ipso
426 398 560 466 veniens
583 400 690 464 trahat
712 406 784 464 atre
808 400 965 481 quaedam

110 532 267 597 corpora,
285 533 366 595 quae
391 514 495 596 plagis
517 513 691 579 incendunt
713 515 942 580 mobilitatem.

108 628 344 711 incolumisque
366 630 453 693 venit
473 650 531 714 per
553 649 604 695 res
627 637 723 712 atque
747 632 872 714 integra
894 630 1010 694 transit

109 745 230 828 multa,
247 743 455 809 foraminibus
477 743 617 825 liquidus
639 745 716 826 quia
737 746 915 810 transvolat
936 736 1041 827 ignis.

34 879 84 928 350
109 844 444 944 multaque'perfigit,
461 880 531 925 eum
555 880 691 944 corpora
714 859 855 925 fulminis
877 862 950 944 ipse

109 975 297 1059 corporibus
319 994 424 1039 rerum
447 975 729 1059 ineide1·unt‚qua
750 983 837 1041 texta
859 980 1025 1040 tenentur.

109 1089 255 1155 dissoluit
277 1111 372 1174 porro
396 1090 491 1156 faeile
514 1111 571 1156 aes
593 1111 770 1173 aurumque
793 1096 923 1175 repente

109 1203 261 1271 conferve
283 1205 415 1283 faeit‚e
438 1208 546 1292 parvis
570 1208 645 1291 quia
667 1208 753 1272 faeta
775 1208 895 1271 minute

108 1321 299 1406 eorporibus
322 1321 370 1386 vis
393 1329 441 1386 est
464 1329 496 1388 et
519 1325 644 1388 levibus
667 1342 707 1387 ex
731 1323 916 1405 elementis,

33 1459 84 1507 soe
110 1455 197 1519 quae
220 1436 314 1500 facile
337 1438 536 1502 insinuantur
559 1445 590 1502 et
613 1439 775 1502 insinuata
799 1442 927 1520 repente

110 1549 292 1616 dissoluont
315 1552 416 1618 nodos
441 1554 543 1618 omnis
567 1560 599 1618 et
620 1554 726 1618 vinela
748 1554 917 1618 relaxant.

109 1673 326 1748 autumnoque
349 1668 453 1752 magis
475 1668 579 1734 stellis
600 1667 796 1748 fulgentibus
820 1675 897 1751 apta

110 1783 286 1848 eoneutitur
308 1784 389 1847 caeli
414 1783 527 1847 domus
550 1784 693 1866 undique
716 1791 848 1865 totaque
872 1781 986 1863 tellus,

112 1903 142 1962 et
164 1918 234 1961 eum
258 1904 460 1984 tetur-por&
483 1900 565 1964 veris
588 1898 733 1964 florentia
754 1898 920 1982 pandunt.

40 2012 231 2097 seufrigore
255 2013 336 2076 enim
362 2012 479 2078 desunt
502 2015 612 2098 ignes,
630 2013 778 2095 ventique
802 2013 910 2077 ealore
984 2038 994 2053 ·»

111 2127 261 2193 deficiunt
284 2147 388 2210 neque
410 2139 483 2193 sunt
505 2135 569 2192 tam
592 2128 692 2194 denso
717 2149 852 2213 eorpore
875 2128 998 2192 nubes.

109 2245 326 2325 interutrasque
349 2245 446 2326 igitur
469 2264 540 2308 oum
564 2245 645 2309 eaeli
669 2251 814 2328 tempora
836 2249 1002 2322 constant,

110 2366 176 2422 turn
199 2358 308 2423 variae
331 2377 449 2423 eausae
472 2367 662 2424 eoneurrunt
685 2359 825 2424 fulminis
848 2377 980 2423 omnes:

109 2494 185 2539 nam
208 2474 308 2539 fretus
329 2475 400 2559 ipse
424 2476 498 2538 anni
521 2476 692 2559 permiseet
713 2475 815 2557 frigus
840 2483 871 2539 et
893 2479 1036 2550 aestum,

32 2611 85 2660 365
112 2609 247 2673 quorum
269 2597 437 2672 utrumque
460 2611 540 2675 opus
565 2597 615 2656 est
636 2589 826 2655 fabricanda
849 2591 890 2654 ad
913 2587 1049 2652 fulmina
1071 2586 1168 2670 nubi,

112 2713 147 2770 ut
168 2705 329 2770 discordia
352 2707 393 2770 sit
414 2727 519 2770 rerum
542 2725 726 2788 magnoque
748 2705 883 2769 tumultu

109 2821 237 2905 ignibus
261 2827 292 2887 et
314 2822 416 2888 ventis
438 2823 630 2889 furibundus
653 2821 783 2887 fluetuet
804 2829 858 2886 aer
872 2855 894 2882 .-

111 2938 217 3022 prima
242 2938 358 3002 caloris
383 2940 467 3003 enim
488 2960 566 3022 pars
590 2946 639 3003 est
660 2943 819 3023 postrema
845 2935 980 3021 rigerio,

112 3060 239 3135 tempus
262 3061 296 3115 ut
319 3059 368 3117 est
391 3071 541 3131 vernum3
560 3071 659 3133 quare
682 3074 827 3137 pugnare
849 3056 1013 3118 necessest

33 3188 87 3236 sio
112 3167 276 3233 dissimilis
299 3167 438 3231 intense
461 3185 512 3230 res
534 3167 888 3272 turbareque‘mintas:
979 3236 982 3241 ,

113 3289 145 3346 et
167 3283 256 3347 ealor
278 3290 439 3347 extremus
461 3281 565 3366 primo
589 3301 660 3346 eum
683 3280 803 3365 frigore
825 3281 943 3345 mixtus

115 3398 271 3475 volvitur,
289 3397 430 3461 autumni
455 3396 542 3478 quod
564 3394 664 3460 fertur
686 3397 814 3460 nomine
837 3404 983 3481 tempus,

112 3511 165 3576 hie
188 3530 315 3595 quoque
339 3511 513 3594 eonfligunt
535 3512 658 3577 hiemes
680 3511 856 3575 aestatibus
878 3529 991 3575 aeres.
1019 3503 1024 3513 ’

114 3613 286 3713 propterea
308 3628 390 3692 freta
414 3633 486 3693 sunt
509 3626 588 3691 haee
610 3627 685 3690 anni
711 3624 951 3702 nominitanda,

118 3969 168 4016 346
188 3967 247 4018 here
268 3963 281 4033 Η
302 3967 352 4014 346
372 3965 494 4015 transviat
515 3962 528 4032 Η
547 3966 597 4014 356
611 3964 696 4013 vineis
716 3965 728 4030 Η
750 3964 798 4012 357
819 3961 886 4011 alta.
909 3957 922 4028 Η
943 3962 992 4010 359
1012 3960 1046 4009 ris
1068 3958 1080 4028 Η
1101 3962 1152 4010 360
1171 3962 1240 4011 ealo-

117 4071 172 4106 res.
199 4054 212 4122 Η
239 4057 289 4104 362
309 4054 377 4103 Inter
396 4063 515 4116 utrasque
542 4051 556 4121 Η
583 4056 634 4102 364
653 4063 678 4103 et
696 4053 836 4102 omissum.
863 4047 877 4119 Η
903 4052 952 4100 365
976 4049 1066 4099 nobis.
1093 4044 1105 4115 Η
1133 4049 1182 4096 366
1208 4049 1240 4097 sit

117 4146 257 4193 omissam.
279 4144 291 4208 Η
314 4144 364 4190 363
383 4141 489 4205 ligeris.
511 4142 523 4209 Η
545 4144 595 4190 363
614 4141 640 4189 id
664 4137 677 4208 Η
702 4142 752 4190 370
771 4154 810 4188 res
829 4139 967 4189 omissum.
989 4136 1002 4204 Η
1027 4138 1077 4185 373
1097 4133 1205 4184 Vovitur
1225 4134 1238 4201 Η

118 4234 170 4281 374
190 4231 254 4282 freta
274 4232 415 4281 antissam.
