2744 4658
157 265 200 330 84
696 258 741 323 III

155 430 298 496 laetitiae
322 431 481 496 mulcent:
497 429 550 495 hic
573 451 648 515 ergo
672 449 763 495 mens
787 429 1025 511 animusquest.

158 551 267 612 cetera
288 566 365 629 pars
388 546 514 610 animae
537 565 595 630 per
616 552 715 609 totum
739 544 853 609 dissita
877 564 992 628 corpus

158 665 250 745 paret
272 666 304 724 et
326 661 369 724 ad
392 680 508 724 numen
531 660 645 725 mentis
669 678 858 740 momenque
882 635 1044 724 movetur.

83 796 132 843 145
158 755 263 856 1110υέ
279 774 340 839 sibi
363 775 463 839 solum
488 795 546 860 per
567 795 602 841 se
626 778 727 859 sapit:
744 776 776 838 id
800 775 860 838 sibi
884 775 1022 857 gaudet,

157 909 226 954 oum
250 908 355 971 neque
378 908 430 955 res
453 890 592 954 animam
615 910 718 972 neque
742 910 856 972 corpus
879 895 1056 955 commovet
1077 909 1162 955 una.

157 1009 189 1069 et
210 1004 322 1087 quasi,
340 1024 408 1068 cnm
433 1011 527 1087 caput
549 1011 605 1069 aut
626 995 735 1069 oculus
757 1009 932 1088 temptante
955 1004 1066 1069 dolore

158 1119 296 1184 laeditur
317 1119 349 1182 in
372 1120 483 1203 nobis,
502 1139 566 1183 11011
589 1119 674 1182 0111111
698 1120 939 1184 concruciamur

159 1253 311 1317 corpore,
328 1235 373 1299 sic
397 1235 522 1298 animus
544 1255 607 1298 11011
632 1254 805 1315 numquam
827 1233 964 1298 laeditur
987 1233 1057 1317 ipse

47 1404 52 1411 .
85 1370 134 1416 150
158 1349 343 1429 laetitiaque
364 1349 471 1431 viget,
488 1369 558 1413 cum
583 1356 687 1436 cetera
709 1368 784 1432 pars
805 1349 925 1413 animai

160 1483 219 1548 per
240 1465 383 1527 membra
405 1471 500 1544 atque
524 1472 611 1529 artus
633 1465 720 1528 nulla
744 1465 885 1528 novitate
909 1464 1027 1529 cietur:

159 1597 270 1643 verum
293 1578 346 1642 ubi
369 1579 505 1642 vementi
525 1579 629 1662 magis
652 1584 701 1642 est
723 1584 880 1643 commota
904 1586 988 1644 metu
1010 1598 1122 1653 mene,

160 1692 338 1757 consentire
361 1693 498 1756 animam
522 1698 620 1757 totam
643 1713 702 1776 per
724 1693 868 1758 membra
891 1693 1059 1764 videmus.

160 1807 357 1890 sudoresque
381 1808 425 1871 ita
448 1808 669 1892 palloremque
692 1809 829 1874 existere
852 1813 918 1871 toto

86 1942 134 1988 155
160 1942 293 2006 corpore
317 1928 347 1986 et
370 1921 498 2003 infringi
521 1922 665 2002 linguam
688 1943 861 2005 vocemque
885 1923 1024 1998 aboriri,

160 2037 301 2119 caligare
324 2037 454 2119 oculos,
471 2056 586 2102 sonere
609 2038 716 2120 auris,
733 2038 896 2102 succidere
919 2045 1025 2122 artus,

160 2152 297 2233 denique
321 2150 488 2216 concidere
512 2171 551 2214 ex
575 2151 673 2214 animi
696 2158 816 2215 terrore
839 2151 985 2216 videmus

161 2286 258 2351 saepe
281 2264 560 2348 homines3'facilc
579 2271 617 2328 ut
640 2265 744 2347 quivis
766 2266 838 2330 hino
860 2286 993 2331 noscere
1015 2269 1117 2351 possit

159 2400 230 2446 esse
254 2382 392 2446 animam
416 2400 484 2444 cum
508 2381 615 2444 animo
637 2380 857 2456 coniunctam,
875 2402 957 2463 quae
980 2403 1052 2447 cum
1074 2383 1173 2448 animi
1195 2385 1229 2449 vi

86 2518 135 2564 100
159 2495 465 2582 pe1·cussast‚exim
489 2514 603 2578 corpus
624 2497 776 2580 propellit
798 2507 829 2561 et
851 2497 926 2562 icit.

198 2612 287 2676 llaec
309 2609 422 2674 eadem
445 2609 525 2674 ratio
551 2615 696 2674 naturam
718 2609 814 2674 animi
838 2617 935 2693 atque
959 2612 1079 2677 animai

161 2745 347 2811 corpoream
372 2725 465 2790 docet
488 2744 579 2790 esse:
596 2726 650 2788 ubi
674 2725 756 2789 enim
779 2726 962 2810 propellere
984 2728 1145 2812 membra,

159 2841 320 2925 corripere
343 2861 383 2906 ex
406 2860 517 2905 somno
541 2859 656 2922 corpus
671 2888 678 2922 ,
696 2845 884 2921 mutareque
903 2840 1026 2905 ‘tultum

160 2962 256 3038 atque
283 2955 442 3019 hominem
464 2960 565 3019 totum
586 2973 698 3035 regere
720 2974 759 3018 ac
781 2974 911 3019 versare
933 2954 1076 3040 ridetur,

85 3093 133 3140 165
160 3092 290 3154 quorum
314 3068 359 3132 nil
381 3066 449 3133 fieri
472 3069 542 3133 sine
564 3074 649 3134 tactu
672 3068 956 3154 possevidemus,

160 3205 219 3251 nec
240 3190 357 3249 tactum
379 3204 475 3268 porro
498 3185 566 3250 sine
589 3204 742 3270 corpore,
757 3202 863 3248 noune
884 3183 1079 3249 fatendumst

159 3319 313 3385 corporea
334 3304 447 3363 natura
470 3299 611 3363 animum
637 3306 782 3364 constare
805 3299 1036 3380 animamque?

159 3422 327 3500 praeterea
349 3414 469 3499 pariter
491 3413 583 3495 fungi
607 3435 678 3479 cum
701 3434 834 3498 corpore
858 3419 889 3478 et
910 3434 975 3478 una

159 3528 336 3594 consentire
358 3529 495 3593 animum
520 3530 612 3595 nobis
634 3531 666 3594 iu
690 3549 822 3613 corporo
845 3529 969 3594 cernis.

85 3665 134 3712 110
159 3644 312 3710 siminus
335 3645 469 3710 offendit
489 3646 588 3710 vitam
609 3628 809 3711 vis'horrida
831 3644 887 3708 teli

159 3761 284 3827 ossibus
306 3780 347 3825 ac
368 3761 475 3827 nervis
498 3760 646 3826 disclusis
666 3760 752 3824 intus
774 3760 909 3837 adacta,

157 3881 318 3942 attamen
340 3876 518 3958 insequitur
538 3877 676 3958 languor
697 3881 867 3956 terraeque
888 3873 1007 3959 petitus

163 4146 211 4194 145
231 4141 257 4191 111
276 4143 416 4194 omissum.
440 4139 453 4208 Ιξ
480 4145 525 4192 151
547 4142 760 4193 novitatiicietur.
781 4139 798 4225 fl
825 4144 874 4191 154
893 4141 978 4204 itaque
997 4142 1120 4206 pallorem
1145 4139 1158 4211 ΙΙ
1186 4145 1235 4194 159
1255 4141 1279 4192 ri

161 4233 300 4287 omissum.
321 4227 335 4301 ll
357 4232 406 4279 165
426 4229 479 4278 fleri
501 4227 514 4298 ΙΙ
536 4235 585 4281 110
605 4231 712 4280 offendis
732 4235 744 4295 ll
765 4230 826 4280 leti.
847 4229 861 4298 Η
883 4232 931 4278 172
950 4230 1094 4293 insequetur
