2744 4658
167 242 226 306 178
714 237 740 300 V

163 417 195 474 ot
217 409 269 490 qui
292 408 404 472 reiciat
426 407 543 489 gelidis
567 428 587 472 a
609 405 738 491 frigoris
760 409 880 472 umbris

164 523 329 590 aestiferas
351 543 453 606 usque
476 525 509 587 in
530 524 630 608 partis
654 529 684 587 et
706 523 831 588 fervida
854 525 968 606 signa.

164 645 195 704 et
217 640 339 705 ratione
369 640 440 723 pari
469 640 575 703 lunarn
604 639 779 720 stellasque
809 640 1033 724 putandumst,

164 775 245 835 quae
266 755 398 819 volvunt
421 774 555 837 magnos
577 755 610 817 in
632 756 761 840 magnis
784 756 914 820 orbibus
936 776 1061 831 annos,

89 890 138 936 545
163 869 289 934 aeribus
311 889 407 953 posse
430 868 562 934 alternis
585 889 603 934 e
626 870 772 954 partibus
795 871 863 938 ire.

163 1005 270 1050 nonne
294 984 384 1050 vides
407 984 502 1049 etiam
525 984 659 1049 diversis
681 985 793 1049 nubila
815 986 917 1049 ventis

165 1098 308 1165 divorsas
331 1100 377 1165 ire
400 1099 433 1163 in
456 1101 556 1183 partis
578 1099 705 1165 inferna
727 1099 903 1183 supernis?

166 1215 221 1296 qui
243 1217 346 1279 minus
368 1215 426 1279 illa
449 1220 567 1297 queant
588 1234 646 1298 per
668 1234 801 1297 magnos
824 1215 963 1280 aetheris
986 1215 1074 1280 orbis

162 1331 305 1397 aestibus
327 1331 410 1396 inter
432 1350 467 1395 se
491 1329 624 1395 diversis
647 1329 756 1395 sidera
779 1330 884 1395 ferri?

88 1468 138 1514 555
205 1448 247 1510 At
268 1466 333 1510 nox
357 1447 459 1509 obruit
481 1446 604 1526 ingenti
627 1446 764 1529 ealigine
787 1453 907 1528 terras,

163 1568 218 1626 aut
241 1561 295 1625 ubi
318 1559 359 1624 de
381 1561 479 1641 longo
503 1581 597 1625 eursu
620 1561 669 1625 sol
691 1560 802 1624 ultima
825 1562 908 1625 oaeli

162 1676 288 1760 impulit
310 1681 406 1757 atque
429 1696 505 1741 snos
529 1674 649 1740 efflavit
671 1674 846 1758 languidus
867 1676 953 1755 ignis

55 1832 57 1835 -
161 1811 335 1856 concussos
358 1793 436 1856 itere
459 1795 491 1855 et
514 1790 693 1856 labefactos
716 1799 788 1856 5555
812 1791 932 1873 multo,

162 1912 218 1970 aut
241 1907 317 1988 quia
340 1908 398 1971 sub
421 1913 523 1971 terras
546 1926 673 1971 oursum
696 1913 882 1972 convortere
905 1905 992 1984 cogit

88 2041 138 2087 555
162 2022 211 2085 515
234 2021 347 2085 eadem
362 2073 369 2098 ‚
387 2041 484 2105 snpra
507 2040 591 2102 quae
614 2028 717 2086 terras
740 2021 868 2103 pertulit
890 2021 1022 2086 orbern.

200 2139 360 2219 Tempore
384 2137 457 2199 item
483 2141 567 2199 55515
591 2154 718 2200 roseam
742 2135 864 2199 Matuta
886 2154 946 2219 por
967 2155 1042 2200 oras

163 2250 303 2315 aetheris
327 2269 475 2314 auroram
500 2249 603 2314 differt
627 2255 658 2314 et
680 2250 802 2315 lumina
824 2249 960 2334 pandit,

162 2370 217 2429 aut
240 2365 315 2445 quia
338 2365 386 2428 sol
409 2365 514 2448 idern,
533 2366 590 2429 sub
613 2372 714 2430 terras
735 2365 789 2429 ille
812 2369 998 2445 revertens,

161 2479 313 2560 anticipat
337 2480 458 2544 eaelum
482 2479 581 2545 radiis
605 2479 782 2545 ascendere
803 2485 987 2562 temptans,

87 2614 137 2660 ooo
163 2600 218 2658 ant
242 2594 318 2675 quia
340 2595 533 2660 conveniunt
554 2596 647 2679 ignes
670 2602 701 2660 et
724 2596 848 2660 semina
871 2594 971 2657 multa

162 2708 320 2774 confluere
343 2709 468 2774 ardoris
492 2718 685 2776 consuerunt
706 2717 849 2794 ternpore
872 2715 979 2784 55515,

161 2843 243 2904 quae
265 2823 385 2889 saoiunt
407 2825 486 2891 solis
510 2846 593 2889 nova
617 2844 743 2907 semper
765 2823 887 2887 lumina
910 2823 1020 2904 gigni3
1069 2846 1095 2877 ¹·

164 2937 250 3019 quod
272 2959 374 3021 genus
397 2938 505 3003 Idaeis
528 2937 616 3002 fama
639 2944 687 3002 est
710 2958 727 3003 5
751 2938 911 3002 montibus
935 2939 1010 3002 altis

160 3051 323 3135 dispersos
346 3053 429 3136 ignis
453 3052 566 3116 orienti
589 3053 709 3119 lumine
734 3054 840 3136 osmi,

86 3185 139 3231 555
162 3165 237 3228 inde
261 3168 345 3230 ooire
368 3167 497 3249 globum
521 3169 612 3250 quasi
635 3169 668 3232 in
691 3191 787 3233 unum
811 3176 843 3232 et
864 3166 1021 3231 eonfioere
1043 3167 1174 3230 orbern.

161 3299 221 3344 555
243 3286 350 3345 tamen
373 3281 451 3346 illud
475 3283 508 3346 in
533 3282 581 3347 bis
604 3285 700 3348 rebus
723 3283 869 3374 mirabile
893 3282 989 3364 debet

160 3414 233 3460 esse
249 3446 256 3479 ,
274 3397 358 3478 quod
383 3397 464 3462 15555
485 3397 569 3478 ignis
592 3406 656 3462 tam
680 3406 766 3464 oerto
790 3405 934 3481 tempore
956 3405 1092 3480 possunt

161 3510 285 3574 semina
309 3512 468 3576 oonfluere
492 3517 523 3577 et
546 3512 623 3577 solis
647 3532 798 3595 reparare
821 3512 976 3576 nitorem.

160 3625 257 3689 multa
279 3625 423 3692 videmus
447 3627 551 3699 onim,
570 3632 654 3692 serto
680 3647 762 3708 quae
785 3632 928 3709 tempore
951 3627 1031 3689 fiunt

83 3759 134 3806 555
161 3740 309 3804 omnibus
331 3740 362 3803 in
385 3742 500 3807 rebus.
516 3740 689 3807 florescunt
711 3749 860 3826 tempore·
877 3747 962 3806 oorto

159 3854 293 3920 arbusta
315 3860 347 3919 et
369 3863 453 3921 55515
477 3856 637 3921 dimittunt
660 3865 802 3940 tempore
825 3856 956 3922 florem:

160 4133 210 4180 648
230 4131 272 4180 1115
298 4128 310 4197 Η
338 4131 385 4178 651
407 4129 500 4177 vetimn
526 4125 540 4195 11
567 4131 618 4178 654
638 4138 789 4178 5555551555
810 4127 823 4195 Η
849 4131 899 4178 656
919 4143 991 4176 rosea
1010 4136 1110 4175 matura
1130 4127 1142 4192 lp
1169 4132 1220 4180 657
1241 4126 1288 4198 511

162 4219 210 4265 661
231 4218 327 4280 possit.
