2744 4658
162 249 223 312 122
693 248 749 310 llll

159 421 390 505 multiplexque
413 421 473 485 lcci
498 419 634 504 spatium
657 426 875 484 transcurrere
898 419 1012 485 ecdem

158 545 301 620 tempere
325 556 387 617 quc
411 535 488 599 00110
511 534 700 619 pervolgant
722 533 842 597 lumina
864 535 1018 599 caelum?

159 651 221 716 hcc
244 651 340 716 etiam
363 650 396 713 in
419 649 530 734 primis
553 649 716 733 specimen
738 669 846 714 verum
870 668 941 714 cssc
962 651 1107 735 videtur,

85 787 135 833 210
163 787 260 848 quam
283 765 379 829 celeri
401 771 489 829 motu
512 784 615 827 rerum
638 763 809 828 simulacra
830 764 994 842 terantur,

159 880 246 961 quod
269 879 363 943 simul
384 900 423 944 20
442 879 579 962 primum
601 879 660 942 sub
684 879 739 942 din
762 878 915 961 splendor
938 879 1036 961 aquai

159 994 305 1079 ponitur,
323 993 484 1077 extemplo
508 992 598 1057 caelo
622 994 767 1058 stellante
791 1013 906 1058 serena

159 1109 266 1174 sidera
288 1107 483 1190 respondent
505 1108 537 1171 in
561 1127 648 1188 aqua
671 1107 830 1172 radiantia
850 1108 990 1173 mundo.

158 1223 265 1287 iamne
288 1222 379 1287 vides
401 1222 496 1305 igitur
518 1242 613 1304 quam
635 1228 752 1304 puncto
776 1228 918 1306 tempere
940 1223 1046 1306 imago

84 1359 133 1404 ars
161 1336 297 1401 aetheris
319 1357 358 1402 ex
381 1337 445 1401 cris
467 1337 501 1400 in
523 1343 677 1401 terrarum
700 1336 825 1401 accidat
848 1340 949 1402 cras?

160 1472 258 1532 quare
282 1452 378 1515 etiarn
403 1457 499 1531 atquc
523 1451 618 1515 ctiam
642 1451 722 1515 nritti
745 1450 869 1517 iatcarc
892 1458 1058 1517 necessest

159 1587 295 1650 corpora
319 1585 400 1647 quac
422 1565 539 1628 feriant
561 1566 671 1631 000100
693 1567 860 1648 visumque
882 1568 1062 1632 lacessant:

159 1687 373 1764 perpetuoque
395 1680 496 1744 fluunt
519 1680 613 1746 certis
636 1681 677 1744 ab
700 1681 795 1745 rebus
817 1681 954 1761 cdcres;

158 1796 260 1879 frigus
282 1801 315 1859 ut
337 1817 357 1860 a
378 1796 501 1875 fluviis,
518 1796 605 1861 calcr
627 1796 667 1859 ab
690 1795 759 1861 0010
774 1845 781 1880 ,
799 1803 906 1860 aestus
929 1797 969 1860 ab
992 1796 1088 1860 undis

83 1932 133 1979 220
158 1913 326 1994 aequeris,
345 1932 459 1977 exescr
481 1932 680 1995 moerorum,
697 1911 792 1975 litora
815 1911 953 1975 circum:

157 2048 216 2092 nec
239 2028 348 2092 variac
372 2033 500 2092 cessant
515 2046 609 2091 voces
631 2027 767 2090 volitare
790 2045 849 2108 per
871 2046 987 2092 auras:

159 2142 298 2222 denique
320 2141 353 2204 in
377 2162 413 2205 cs
436 2142 513 2205 salsi
534 2141 621 2205 venit
642 2161 734 2205 umcr
757 2160 854 2224 saepe
878 2143 1023 2227 saporis,

159 2277 230 2321 cnm
253 2276 342 2321 marc
365 2276 530 2320 versamur
552 2262 700 2339 prepter,
718 2255 882 2338 dilutaque
905 2263 1017 2322 contra

159 2393 228 2436 cunr
252 2371 368 2435 tuimur
391 2371 515 2437 misceri
538 2371 718 2448 absinthia,
735 2372 839 2454 tangit
860 2393 1008 2437 amarcr.

85 2508 134 2554 220
161 2506 260 2568 usquc
283 2487 365 2551 adeo
390 2486 536 2551 cnrnibus
558 2488 599 2551 ab
621 2488 791 2575 rcbnsffes
814 2508 964 2570 quaeque
986 2488 1121 2554 fluenter

158 2602 257 2667 fertur
279 2610 310 2668 et
332 2603 364 2666 in
388 2609 518 2667 cunctas
542 2602 707 2667 dimittitur
729 2605 869 2685 undique
892 2605 1011 2686 partis,

159 2739 218 2784 000
241 2740 330 2785 mora
353 2740 412 2784 nec
434 2719 561 2799 requies
584 2718 666 2782 inter
688 2718 783 2783 datur
805 2719 871 2782 nlla
892 2719 1035 2796 fluendi,

158 2843 310 2921 perpetuo
334 2835 485 2917 qnoniam
509 2834 662 2898 sentimus
685 2839 716 2896 ct
739 2835 846 2898 omnia
869 2854 1015 2918 semper.

83 2972 133 3018 220
201 2954 373 3016 Praeterea
396 2949 547 3030 qucnianr
569 2948 716 3012 manibus
740 2953 877 3012 tractata
898 2950 1001 3031 figura

159 3066 192 3128 in
216 3065 355 3130 tenebris
377 3063 536 3144 quaedam
561 3064 761 3144 cognescitur
783 3083 855 3129 esse
878 3063 989 3128 eadem
1014 3085 1097 3147 quae

160 3179 297 3244 cernitur
320 3179 353 3241 in
376 3179 501 3265 luceet
523 3179 608 3243 clarc
632 3179 791 3255 candere,
809 3186 970 3243 necessest

157 3293 315 3357 consimili
338 3313 438 3358 causa
460 3299 579 3357 tactum
602 3289 767 3374 visumque
790 3295 930 3359 mereri.

160 3428 244 3472 nunc
265 3408 362 3490 igitur
384 3409 412 3472 si
435 3409 625 3489 quadratum
647 3415 840 3494 temptamus
863 3416 895 3473 ct
915 3410 948 3473 id
971 3430 1031 3475 000

84 3544 133 3590 220
160 3529 336 3588 commovet
358 3524 391 3588 in
414 3524 574 3608 tenebris,
592 3525 625 3588 10
649 3525 712 3590 luci
737 3544 819 3607 quac
841 3526 957 3609 peterit
977 3546 1029 3590 res

158 3637 304 3704 accidere
326 3639 369 3703 ad
392 3640 530 3723 speciem
555 3639 735 3725 quadrata,
753 3640 813 3705 nisi
837 3640 906 3704 eins
929 3639 1065 3723 imago?

159 3771 234 3818 csse
255 3754 502 3838 inimaginibus
526 3773 591 3837 qua
612 3759 744 3838 propter
766 3775 863 3820 causa
884 3755 1008 3821 videtur

157 3939 358 3946 ——--

160 4062 210 4108 210
230 4067 326 4109 motum
346 4056 359 4126 11
383 4061 432 4107 213
452 4059 555 4107 mundi.
582 4055 595 4126 11
620 4061 670 4107 216
690 4058 755 4107 mira
780 4055 793 4126 ΙΙ
818 4059 968 4109 2181102οῑ
992 4057 1005 4128 Η
1031 4063 1247 4112 2200100000οω
1267 4059 1282 4128 11

159 4149 306 4195 222-228
326 4147 381 4196 bis.
403 4143 415 4211 11
437 4148 486 4193 229
507 4145 615 4196 Cernere
635 4147 736 4196 odorari
756 4148 816 4198 licet
834 4156 859 4197 ct
870 4148 963 4198 sentire
976 4164 1082 4200 sonare.
1103 4145 1116 4217 Η
1138 4150 1188 4198 235
1208 4149 1284 4200 Com-

157 4243 241 4284 mcvet
258 4242 284 4284 et
301 4234 328 4282 in
348 4231 360 4301 ll
384 4235 433 4282 237
454 4232 515 4297 quia
