2744 4658
145 205 186 268 38
698 196 713 258 Ι

148 391 206 431 nco
230 368 395 449 rurisquarn
419 367 509 431 locus
531 373 600 442 est,
617 388 678 447 quo
702 387 838 449 corpora
861 388 931 430 coru
954 372 1128 450 venerunt,

147 483 299 567 ponderis
322 483 439 546 arnissa
462 483 493 548 vi
516 480 639 565 possint
662 485 747 545 stare
770 482 803 543 iu
825 482 933 544 inani:

150 618 207 661 uec
230 597 313 678 quod
338 597 435 661 inane
459 604 565 661 autern
587 603 636 661 est
658 595 715 659 ulli
737 595 908 660 subsistere
933 596 1047 671 debet,

82 735 133 779 ooo
150 713 245 792 quin,
262 732 322 774 sua
345 712 429 791 quod
453 717 566 774 natura
590 711 687 793 petit,
705 710 880 775 concedere
903 718 1037 794 pergat.

151 827 235 890 baud
258 825 353 908 igitur
376 831 510 906 possunt
533 824 588 888 tali
611 825 733 889 ratione
757 808 858 890 teneri

150 941 256 1006 resin
280 940 447 1003 concilium
471 940 568 1002 medii
592 938 772 1022 cuppedine
794 946 924 1004 vectae.

193 1057 365 1118 Praeterea
388 1055 537 1135 quoniam
561 1074 625 1117 non
649 1053 756 1117 onmia
779 1073 914 1137 corpora
936 1053 1058 1138 tingunt

150 1170 184 1232 in
206 1168 345 1234 medium
369 1168 445 1251 niti,
462 1167 520 1233 sed
541 1175 696 1233 terrarum
721 1177 817 1249 atque
840 1169 992 1252 liquoris,

77 1309 134 1354 ,oss
153 1294 184 1349 et
207 1284 299 1365 quasi
321 1288 446 1346 tcncno
471 1302 551 1364 quae
575 1302 708 1364 corpore
731 1282 969 1360 contineantur,

150 1418 291 1464 umorem
314 1398 403 1480 ponti
426 1417 623 1480 magnasque
646 1417 663 1461 e
686 1396 847 1461 montibus
870 1399 993 1482 undas,

152 1521 184 1578 at
206 1520 316 1577 contra
337 1511 440 1576 tenuis
462 1518 624 1594 exponunt
646 1512 728 1575 aeris
751 1531 849 1576 auras

152 1636 182 1692 et
205 1625 327 1691 calidos
350 1626 443 1690 simul
466 1646 486 1689 a
508 1624 612 1688 medio
636 1624 790 1712 differrier
806 1624 919 1716 ignis,

151 1748 246 1823 atque
268 1739 341 1803 ideo
363 1745 463 1803 toturn
487 1739 603 1804 circum
626 1746 760 1804 tremere
784 1739 915 1802 aethera
936 1739 1038 1823 signis

77 1879 137 1924 *ooo
154 1864 185 1921 et
207 1855 284 1920 solis
307 1854 467 1918 flammam
491 1874 547 1936 per
570 1854 653 1918 oaeli
676 1853 804 1917 caerula
826 1854 935 1936 pasci,

152 1970 237 2053 quod
261 1968 348 2033 calor
370 1990 390 2031 a
412 1966 517 2031 rn'c'dio
541 1967 668 2048 fugiens
692 1988 726 2033 se
749 1969 793 2032 ibi
816 1969 957 2052 conligat
979 1972 1102 2049 omnis,

151 2105 210 2148 nce
232 2102 375 2166 prorsum
398 2081 564 2147 arboribus
587 2102 726 2146 surnrnos
748 2082 952 2148 frondescere
975 2105 1082 2150 ramos

152 2217 267 2282 posse,
289 2199 349 2262 nisi
372 2219 392 2260 a
413 2197 506 2262 terris
529 2196 683 2279 paulatim
706 2196 820 2278 cuique
844 2197 980 2262 cibatunr

154 3256 196 3301 ne
218 3235 339 3299 volucri
363 3233 422 3296 ritu
445 3233 643 3298 flannnaruin
667 3237 792 3301 nrocnia
814 3236 924 3301 nrundi

157 3350 327 3431 diffugiant
349 3349 452 3412 subito
476 3370 626 3432 magnum
650 3353 826 3433 perinane
849 3352 974 3436 soluta,

158 3473 188 3530 ct
210 3486 250 3529 ne
273 3472 378 3530 cetera
401 3463 558 3528 consimili
581 3468 706 3532 ratione
729 3475 924 3551 sequantur,

77 3604 139 3649 rrou
156 3600 238 3645 neve
262 3589 354 3646 ruant
376 3584 457 3648 caeli
480 3583 658 3666 penetralia
679 3585 797 3666 templa
821 3603 957 3666 superne

155 3703 303 3777 terraque
326 3717 361 3762 se
383 3698 518 3781 pedibus
542 3697 656 3781 raptim
679 3699 837 3763 subducat
859 3705 891 3762 ct
913 3700 1020 3763 omnia

157 3812 237 3876 inter
259 3813 431 3894 permixtas
453 3833 557 3877 rerum
581 3812 725 3894 caelique
749 3813 859 3878 ruinas

160 4084 225 4130 1077
246 4097 336 4131 vener.
359 4078 373 4147 Η
394 4083 460 4128 1008
479 4081 505 4128 in
524 4084 663 4134 curiosum.
685 4080 696 4148 t
720 4084 785 4131 1082
805 4082 903 4131 victae.
925 4078 938 4149 Η
960 4083 1025 4130 1001
1046 4081 1095 4131 sibi
1117 4077 1130 4150 d
1157 4084 1223 4131 1105
1243 4092 1283 4132 to-

159 4170 267 4220 nctralia
288 4167 300 4237 Η
323 4171 388 4216 1100Ι
410 4167 508 4216 omnis.
