2744 4658
708 271 737 335 ll

84 462 135 510 oco
163 461 229 507 nen
252 440 320 505 fieri
342 445 470 525 partum
494 441 552 506 nisi
576 441 711 506 concilio
735 448 808 506 ante
831 451 963 527 coacto,

161 575 221 621 nee
244 555 414 637 quicquam
438 556 623 620 commutari
646 557 714 620 sinc
736 559 926 623 conciliatu.

159 669 317 754 principio
342 676 505 752 nequeunt
527 671 623 734 ullius
647 673 790 757 eorporis
813 693 883 738 esse

159 803 275 850 sensus
297 788 372 848 ante
394 783 499 867 ipsam
521 785 664 868 genitam
686 794 834 852 naturam
860 788 1051 873 animantis,

161 899 196 963 ni
217 899 350 987 mirum,
368 902 444 983 quia
465 901 616 965 materies
640 901 774 967 disiecta
796 909 921 969 tenetur

81 1035 134 1083 949
159 1022 235 1080 atre
248 1066 255 1093 ‚
270 1015 453 1081 fluminibus
466 1068 474 1093 ‚
490 1015 602 1092 terris,
619 1017 792 1098 aethraque
816 1019 950 1102 creatis,

159 1149 220 1194 nee
242 1150 416 1212 congressa
438 1131 534 1195 modo
557 1131 665 1195 vitalis
689 1132 913 1196 convenientes

159 1245 293 1309 eontulit
313 1245 396 1308 inter
418 1264 454 1309 sc
476 1245 735 1328 motus,.quibus
759 1247 969 1310 omnituentes

159 1359 287 1423 accensi
309 1379 423 1425 sensus
446 1360 643 1424 animantum
665 1365 924 1425 concuterentur.

196 1476 367 1540 Praeterea
390 1474 533 1556 quamvis
556 1473 752 1538 animantem
774 1475 927 1554 grandior
946 1477 1048 1560 ictus,

81 1609 133 1656 949
160 1607 257 1670 quam
278 1588 398 1672 patitur
420 1596 554 1666 natura,
571 1595 704 1672 repente
728 1589 853 1670 adfligit
876 1596 908 1654 et
929 1591 1033 1655 omnis

156 1682 301 1785 corporis
322 1709 418 1785 atque
442 1704 538 1767 animi
560 1705 665 1786 pergit
688 1702 882 1768 confundere
904 1724 1039 1769 sensus.

68 1841 71 1847 ·
156 1817 374 1881 dissoluuntur
397 1818 480 1881 enim
502 1818 667 1901 positurae
689 1818 936 1901 principiorum,

68 1946 75 1961 ·
159 1934 191 1993 et
209 1932 337 2015 penitus
359 1938 462 1996 motus
485 1932 599 1995 vitales
622 1931 846 2015 inpediuntur,
899 1914 901 1920 Α

156 2045 258 2111 donec
280 2047 449 2130 materies,
467 2046 569 2110 omnis
592 2064 750 2109 concussa
771 2063 829 2127 per
851 2052 957 2128 artus,

78 2180 130 2227 999
155 2159 262 2225 vitalis
285 2161 411 2225 animae
434 2160 538 2225 nodos
560 2180 580 2224 a
603 2178 737 2245 corpore
760 2158 855 2225 solvit

154 2273 396 2359 dispersamque
419 2274 507 2341 foras
530 2294 589 2359 per
611 2277 720 2339 caulas
744 2275 836 2339 eiecit
858 2275 979 2339 omnis:

153 2409 230 2454 narn
254 2391 330 2472 quid
352 2398 522 2475 praeterea
545 2391 653 2455 faeere
676 2391 770 2454 ictum
794 2409 890 2473 posse
913 2410 1039 2453 reamur

155 2503 317 2588 oblatum,
334 2505 394 2570 nisi
417 2505 575 2569 discutere
598 2525 638 2568 ao
661 2504 837 2570 dissolvere
860 2507 1034 2586 quaeque?

154 2616 191 2682 fit
213 2637 340 2701 quoque
362 2620 408 2683 uti
431 2619 558 2684 soleant
580 2619 684 2682 minus
708 2618 814 2682 oblato
839 2619 954 2683 acriter
977 2619 1040 2683 ictu

72 2755 125 2803 999
154 2733 267 2814 reliqlti
290 2740 394 2799 motus
416 2735 521 2799 vitalis
543 2734 669 2798 vincere
692 2752 811 2817 saepe,

152 2849 301 2928 vincere,
319 2855 350 2915 et
371 2849 508 2934 ingentis
529 2851 648 2933 plagae
671 2850 785 2914 sedare
807 2849 979 2928 tumultuS,

155 2964 253 3045 inque
276 2985 352 3029 sues
375 2965 525 3046 quicquid
548 2985 657 3029 rursus
680 2984 832 3029 revocare
854 2972 998 3048 meatus,

154 3085 186 3143 et
208 3078 301 3161 quasi
322 3079 385 3142 iam
409 3080 463 3144 leti
486 3079 703 3144 dominantem
725 3079 759 3142 in
783 3100 915 3164 corpere
937 3086 1057 3144 motum

155 3193 336 3270 discutere,
353 3214 391 3259 ac
412 3215 517 3278 paene
539 3195 675 3260 amissos
698 3193 875 3259 accendere
898 3214 1030 3260 sensus:

71 3330 128 3377 999
156 3328 231 3372 nam
254 3328 354 3390 quare
376 3310 482 3392 potius
504 3309 558 3373 leti
582 3309 646 3372 iam
669 3308 777 3373 limine
800 3309 841 3373 ab
864 3308 935 3393 ipso

154 3422 197 3487 ad
219 3424 319 3488 vitam
341 3423 445 3506 possit
468 3423 613 3488 conlecta
636 3428 742 3487 mente
765 3425 899 3508 reverti,

155 3559 253 3620 quam
275 3557 338 3620 que
361 3537 529 3604 deeursum
554 3557 654 3621 prope
677 3534 741 3599 iarn
764 3536 823 3601 siet
844 3537 891 3603 ire
914 3545 947 3604 99
969 3538 1086 3602 abire?

153 3658 346 3738 propterea,
365 3654 514 3735 quoniam
538 3651 630 3716 dolor
653 3656 722 3728 est,
739 3652 792 3714 ubi
814 3653 958 3717 materiai

154 3787 289 3852 corpora
311 3768 343 3833 vi
366 3768 504 3850 quadarn
526 3786 584 3852 per
606 3766 730 3830 viscera
752 3766 826 3831 viva
848 3788 906 3852 per
927 3772 1014 3833 artus

155 4072 206 4120 938
225 4069 303 4119 lesam
327 4068 340 4135 ΙΙ
366 4073 416 4119 940
436 4079 550 4133 terraque
575 4068 587 4139 Η
614 4075 664 4121 942
684 4088 758 4121 omne
777 4081 889 4120 tuentes.
910 4067 924 4138 Η
946 4073 996 4119 943
1015 4070 1170 4119 animantem
1189 4083 1276 4129 quam·

154 4172 204 4220 que
227 4166 345 4207 tuentur.
372 4154 385 4223 ll
411 4160 457 4208 951
480 4159 565 4207 navias
591 4156 604 4227 Η
630 4160 715 4208 9539
740 4157 753 4225 ll
779 4160 830 4207 954
849 4157 935 4206 oblata
954 4160 1048 4223 agriter
1072 4156 1084 4224 Η
1110 4159 1159 4207 961
1180 4155 1277 4219 possint

156 4244 273 4295 coniecta
292 4242 307 4315 ΙΙ
327 4247 377 4296 963
396 4246 533 4296 Praeterea
