2744 4658
169 248 230 312 150
702 238 761 301 ΠΠ

84 436 150 482 roan
169 415 311 498 corporis
326 465 332 490 ‚
349 422 380 478 θῖ
404 413 516 476 dentes
539 409 673 473 inlidunt
696 429 795 492 saepe
819 408 968 491 labellis,

110 552 114 556 ·
168 528 343 608 osculaque
366 523 541 605 adfligunt,
559 525 634 606 quia
656 544 720 587 nou
745 530 793 587 θεῖ
815 544 898 608 pura
920 523 1070 607 voluptas

167 651 198 708 ct
223 641 341 707 stimuli
365 640 517 723 subsunt,
536 641 588 722 qui
611 639 768 730 instigant
789 637 922 702 laedere
945 637 978 701 id
1001 640 1125 720 ipsum,

170 758 255 839 quod
278 772 411 833 eumque
435 758 502 836 θεῖ,
519 754 626 817 rabies
649 754 733 817 unde
757 753 850 816 illaec
872 753 1016 835 germina
1038 759 1193 832 surgunt.

170 872 226 937 sed
248 870 361 934 leviter
384 887 505 951 peenas
528 868 649 950 frangit
671 868 780 931 Venus
802 868 885 952 inter
907 887 1068 944 amorem,

87 1010 153 1056 rnan
172 984 357 1064 blandaque
381 982 522 1046 refrenat
544 1003 668 1047 morsus
691 983 835 1047 admixta
857 982 1027 1066 voluptas.

169 1118 306 1180 namque
328 1098 361 1160 in
385 1118 422 1161 en
446 1117 520 1179 spes
544 1104 610 1180 est,
627 1098 712 1160 unde
737 1104 785 1162 θεῖ
808 1096 934 1161 ardoris
956 1097 1067 1180 erige,

173 1214 326 1293 restingui
352 1231 478 1292 queque
499 1231 596 1295 pesse
620 1213 659 1274 ab
683 1213 796 1277 endem
820 1232 952 1295 corpure
975 1211 1158 1275 flammam.

171 1327 256 1410 quod
279 1327 346 1391 fieri
370 1333 479 1390 contra
502 1334 598 1390 tntum
624 1335 737 1390 natura
761 1334 936 1412 repugnat:

171 1462 297 1523 unaque
322 1462 372 1505 res
396 1442 476 1504 baec
499 1447 565 1524 est,
584 1442 672 1506 cuius
696 1463 757 1523 qun
781 1462 875 1526 mage
898 1443 1034 1525 plurima
1057 1442 1231 1525 habemns,

88 1581 154 1627 1090
171 1565 236 1622 tarn
260 1557 364 1640 magis
388 1555 527 1619 ardescit
551 1556 620 1620 dira
644 1557 825 1641 cuppedine
848 1564 978 1639 peetus.

172 1694 245 1737 nam
271 1673 359 1736 cibus
383 1685 479 1752 atque
502 1692 593 1735 umor
616 1672 765 1736 membris
787 1672 962 1736 adsumitur
984 1672 1089 1756 intus3

172 1808 255 1870 quae
279 1789 430 1870 queniam
454 1793 556 1851 certas
579 1794 712 1869 possunt
736 1788 882 1852 obsidere
905 1788 1027 1871 partis,

170 1906 230 1968 hcc
252 1903 347 1968 facile
371 1905 517 1986 expietur
539 1903 669 1967 laticum
692 1902 882 1983 frugumque
906 1902 1039 1985 cupide:

171 2041 212 2084 ex
233 2019 369 2083 huminis
393 2039 468 2082 vere
492 2018 575 2083 facie
597 2017 795 2102 pulchroque
820 2019 927 2082 celere

89 2137 216 2205 10951111
240 2136 334 2198 datur
356 2137 389 2197 in
412 2153 528 2217 corpus
550 2139 679 2216 praeter
698 2132 869 2197 simulacra
891 2131 1058 2196 timendum

170 2250 295 2328 tenvia3
313 2270 396 2330 quae
419 2255 557 2313 mentem
580 2269 654 2330 spes
675 2256 782 2331 raptat
805 2268 902 2333 saepe
926 2247 1071 2312 misella.

170 2375 204 2430 ut
226 2366 335 2430 bibere
358 2365 532 2428 insomnis
556 2364 668 2427 sitiens
691 2384 787 2443 quem
813 2364 956 2447 quaerit,
974 2368 1005 2427 et
1026 2346 1129 2428 1111101·-

169 2503 235 2546 nnn
258 2481 370 2558 datur,
387 2479 535 2544 ardorem
559 2481 613 2563 qui
636 2481 786 2544 membris
810 2478 1117 2563 stinguerepcssit,

171 2597 227 2661 sed
250 2598 377 2661 laticum
401 2599 572 2663 simulacra
595 2598 675 2682 petit
696 2597 878 2677 frustraque
901 2596 1026 2660 laborat

89 2734 155 2780 1100
172 2713 205 2776 in
228 2713 398 2796 medioque
422 2716 486 2780 sitit
509 2714 641 2778 terrenti
662 2713 789 2777 flumine
811 2719 949 2796 potans,

171 2829 271 2893 sicin
294 2850 401 2894 amore
424 2830 531 2894 Venus
554 2817 735 2894 simulacris
759 2828 838 2890 ludit
860 2827 1016 2906 amantis,

170 2964 230 3008 nee
253 2949 369 3011 satiare
393 2953 511 3028 queunt
534 2946 708 3027 spectando
733 2963 868 3027 ccrpcra
891 2962 1020 3020 curam,

170 3080 230 3124 nec
251 3061 400 3125 manibus
424 3058 595 3141 quicquam
617 3058 735 3123 teneris
758 3057 915 3123 abradere
938 3059 1086 3123 membris

170 3181 303 3256 possunt
326 3180 467 3238 errantes
489 3175 604 3239 incerti
628 3193 761 3257 corpere
784 3180 870 3237 tute.

89 3310 154 3356 1105
173 3288 310 3368 denique
334 3310 403 3354 cum
426 3290 576 3355 membris
600 3290 737 3354 conlatis
759 3288 838 3353 flere
861 3289 1005 3353 fruuntur

171 3404 306 3487 aetatis,
323 3405 386 3467 iam
410 3425 480 3468 cum
504 3405 667 3488 praesagit
689 3404 807 3486 gandia
831 3424 946 3486 cerpus

171 3524 268 3598 atque
291 3519 324 3580 in
346 3525 415 3582 eost
437 3518 545 3582 Venus
568 3527 601 3582 ut
623 3519 792 3583 muliebria
816 3525 963 3583 conserat
986 3539 1081 3601 arra,

170 3630 314 3713 adfigunt
336 3633 431 3697 aride
455 3653 570 3718 cerpus
591 3635 789 3718 iunguntque
813 3633 932 3698 salivas

171 3748 235 3811 oris
258 3755 289 3813 et
311 3748 468 3833 inspirant
490 3757 675 3833 pressantes
699 3749 847 3814 dentibus
870 3769 946 3832 ura,

89 3881 155 3928 1110
172 3882 213 3927 ne
237 3865 406 3946 quiquam,
423 3865 575 3945 quoniam
598 3865 643 3929 nil
663 3865 739 3930 inde
762 3863 919 3929 abradere
941 3870 1075 3949 possunt

170 4035 307 4042 ———
314 4038 372 4043 .-.υ-

176 4138 242 4184 1083
262 4137 321 4186 illae
342 4134 354 4204 Η
377 4140 443 4186 1085
457 4137 539 4189 frenat
558 4140 571 4207 ii
594 4144 659 4190 1089
674 4140 746 4190 cuius
762 4155 837 4202 (luam
850 4139 968 4202 plurima
980 4139 992 4206 Η
1015 4142 1080 4188 1096
1093 4151 1168 4190 vento
1190 4139 1203 4208 Η
1226 4144 1291 4192 1098

173 4223 277 4271 membri
