<?xml version="1.0" encoding="UTF-8"?>
<!DOCTYPE html PUBLIC "-//W3C//DTD XHTML 1.0 Transitional//EN"
    "http://www.w3.org/TR/xhtml1/DTD/xhtml1-transitional.dtd">
<html xmlns="http://www.w3.org/1999/xhtml" xml:lang="en" lang="en">
 <head>
  <title>
</title>
<meta http-equiv="Content-Type" content="text/html;charset=utf-8" />
  <meta name='ocr-system' content='tesseract 3.04.00' />
  <meta name='ocr-capabilities' content='ocr_page ocr_carea ocr_par ocr_line ocrx_word'/>
</head>
<body>
  <div class='ocr_page' id='page_1' title='image "./tlucreticarider15carugoog_0165.png"; bbox 0 0 2744 4658; ppageno 0'>
   <div class='ocr_carea' id='block_1_1' title="bbox 162 240 732 312">
    <p class='ocr_par' dir='ltr' id='par_1_1' title="bbox 162 240 732 312">
     <span class='ocr_line' id='line_1_1' title="bbox 162 240 732 312; baseline -0.011 -1"><span class='ocrx_word' id='word_1_1' title='bbox 162 248 223 312; x_wconf 79' lang='lat'>162</span> <span class='ocrx_word' id='word_1_2' title='bbox 704 240 732 305; x_wconf 88' lang='lat' dir='ltr'>V</span> 
     </span>
    </p>
   </div>
   <div class='ocr_carea' id='block_1_2' title="bbox 84 411 1126 4048">
    <p class='ocr_par' dir='ltr' id='par_1_2' title="bbox 85 411 1039 1062">
     <span class='ocr_line' id='line_1_2' title="bbox 156 411 974 496; baseline -0.002 -18"><span class='ocrx_word' id='word_1_3' title='bbox 156 412 246 478; x_wconf 91' lang='lat' dir='ltr'>haud</span> <span class='ocrx_word' id='word_1_4' title='bbox 268 413 364 495; x_wconf 86' lang='lat' dir='ltr'>igitur</span> <span class='ocrx_word' id='word_1_5' title='bbox 386 417 533 477; x_wconf 76' lang='lat' dir='ltr'>constant</span> <span class='ocrx_word' id='word_1_6' title='bbox 554 411 663 476; x_wconf 86' lang='lat' dir='ltr'>divino</span> <span class='ocrx_word' id='word_1_7' title='bbox 685 411 834 496; x_wconf 87' lang='lat' dir='ltr'>praedita</span> <span class='ocrx_word' id='word_1_8' title='bbox 857 432 974 489; x_wconf 88' lang='lat' dir='ltr'>sensu,</span> 
     </span>
     <span class='ocr_line' id='line_1_3' title="bbox 85 526 1039 611; baseline -0.006 -14"><span class='ocrx_word' id='word_1_9' title='bbox 85 550 133 597; x_wconf 80' lang='lat'>145</span> <span class='ocrx_word' id='word_1_10' title='bbox 161 526 420 611; x_wconf 90' lang='lat' dir='ltr'>quandoquidem</span> <span class='ocrx_word' id='word_1_11' title='bbox 442 532 604 610; x_wconf 87' lang='lat' dir='ltr'>nequeunt</span> <span class='ocrx_word' id='word_1_12' title='bbox 625 527 762 591; x_wconf 84' lang='lat' dir='ltr'>vitaliter</span> <span class='ocrx_word' id='word_1_13' title='bbox 784 546 855 592; x_wconf 87' lang='lat' dir='ltr'>esse</span> <span class='ocrx_word' id='word_1_14' title='bbox 877 527 1039 591; x_wconf 90' lang='lat' dir='ltr'>animata.</span> 
     </span>
     <span class='ocr_line' id='line_1_4' title="bbox 195 641 1001 725; baseline -0.001 -18"><span class='ocrx_word' id='word_1_15' title='bbox 195 643 281 707; x_wconf 92' lang='lat' dir='ltr'>Illud</span> <span class='ocrx_word' id='word_1_16' title='bbox 303 641 378 705; x_wconf 89' lang='lat' dir='ltr'>item</span> <span class='ocrx_word' id='word_1_17' title='bbox 400 662 465 707; x_wconf 91' lang='lat' dir='ltr'>non</span> <span class='ocrx_word' id='word_1_18' title='bbox 487 647 536 707; x_wconf 91' lang='lat' dir='ltr'>est</span> <span class='ocrx_word' id='word_1_19' title='bbox 558 647 591 705; x_wconf 93' lang='lat' dir='ltr'>ut</span> <span class='ocrx_word' id='word_1_20' title='bbox 611 642 717 725; x_wconf 85' lang='lat' dir='ltr'>possis</span> <span class='ocrx_word' id='word_1_21' title='bbox 739 641 889 719; x_wconf 82' lang='lat' dir='ltr'>eredere,</span> <span class='ocrx_word' id='word_1_22' title='bbox 906 641 1001 706; x_wconf 89' lang='lat' dir='ltr'>sedes</span> 
     </span>
     <span class='ocr_line' id='line_1_5' title="bbox 158 756 968 840; baseline -0.005 -16"><span class='ocrx_word' id='word_1_23' title='bbox 158 777 230 824; x_wconf 89' lang='grc'><strong>5555</strong></span> <span class='ocrx_word' id='word_1_24' title='bbox 249 758 344 822; x_wconf 90' lang='lat' dir='ltr'>deum</span> <span class='ocrx_word' id='word_1_25' title='bbox 366 764 493 824; x_wconf 84' lang='lat' dir='ltr'>sanetas</span> <span class='ocrx_word' id='word_1_26' title='bbox 514 757 549 820; x_wconf 92' lang='lat' dir='ltr'>in</span> <span class='ocrx_word' id='word_1_27' title='bbox 571 756 680 820; x_wconf 92' lang='lat' dir='ltr'>mundi</span> <span class='ocrx_word' id='word_1_28' title='bbox 704 756 850 840; x_wconf 89' lang='lat' dir='ltr'>partibus</span> <span class='ocrx_word' id='word_1_29' title='bbox 873 756 968 820; x_wconf 91' lang='lat' dir='ltr'>ullis.</span> 
     </span>
     <span class='ocr_line' id='line_1_6' title="bbox 156 872 945 954; baseline -0.004 -16"><span class='ocrx_word' id='word_1_30' title='bbox 156 873 258 938; x_wconf 85' lang='lat' dir='ltr'>tenvis</span> <span class='ocrx_word' id='word_1_31' title='bbox 280 873 365 939; x_wconf 91' lang='lat' dir='ltr'>enim</span> <span class='ocrx_word' id='word_1_32' title='bbox 386 877 502 937; x_wconf 86' lang='lat' dir='ltr'>natura</span> <span class='ocrx_word' id='word_1_33' title='bbox 524 872 618 935; x_wconf 92' lang='lat' dir='ltr'>deum</span> <span class='ocrx_word' id='word_1_34' title='bbox 641 872 800 954; x_wconf 83' lang='lat' dir='ltr'>longeque</span> <span class='ocrx_word' id='word_1_35' title='bbox 822 876 945 936; x_wconf 87' lang='lat' dir='ltr'>remota</span> 
     </span>
     <span class='ocr_line' id='line_1_7' title="bbox 156 984 994 1062; baseline -0.007 -9"><span class='ocrx_word' id='word_1_36' title='bbox 156 987 305 1053; x_wconf 83' lang='lat' dir='ltr'>sensibus</span> <span class='ocrx_word' id='word_1_37' title='bbox 326 987 368 1051; x_wconf 93' lang='lat' dir='ltr'>ab</span> <span class='ocrx_word' id='word_1_38' title='bbox 391 988 507 1053; x_wconf 90' lang='lat' dir='ltr'>nostris</span> <span class='ocrx_word' id='word_1_39' title='bbox 528 987 625 1051; x_wconf 91' lang='lat' dir='ltr'>animi</span> <span class='ocrx_word' id='word_1_40' title='bbox 647 986 701 1051; x_wconf 82' lang='lat' dir='ltr'>rix</span> <span class='ocrx_word' id='word_1_41' title='bbox 723 991 828 1049; x_wconf 90' lang='lat' dir='ltr'>mente</span> <span class='ocrx_word' id='word_1_42' title='bbox 851 984 994 1062; x_wconf 90' lang='lat' dir='ltr'>videtur;</span> 
     </span>
    </p>

    <p class='ocr_par' dir='ltr' id='par_1_3' title="bbox 84 1099 1119 1643">
     <span class='ocr_line' id='line_1_8' title="bbox 84 1099 1074 1184; baseline -0.004 -18"><span class='ocrx_word' id='word_1_43' title='bbox 84 1122 133 1168; x_wconf 88' lang='grc'>155</span> <span class='ocrx_word' id='word_1_44' title='bbox 159 1121 243 1184; x_wconf 90' lang='lat' dir='ltr'>quae</span> <span class='ocrx_word' id='word_1_45' title='bbox 265 1103 415 1184; x_wconf 92' lang='lat' dir='ltr'>quoniam</span> <span class='ocrx_word' id='word_1_46' title='bbox 437 1122 589 1166; x_wconf 91' lang='lat' dir='ltr'>mannum</span> <span class='ocrx_word' id='word_1_47' title='bbox 610 1107 730 1165; x_wconf 84' lang='lat' dir='ltr'>tactum</span> <span class='ocrx_word' id='word_1_48' title='bbox 752 1100 883 1180; x_wconf 85' lang='lat' dir='ltr'>suffugit</span> <span class='ocrx_word' id='word_1_49' title='bbox 905 1106 936 1164; x_wconf 88' lang='lat' dir='ltr'>et</span> <span class='ocrx_word' id='word_1_50' title='bbox 958 1099 1074 1182; x_wconf 83' lang='grc'><strong>1555111,</strong></span> 
     </span>
     <span class='ocr_line' id='line_1_9' title="bbox 156 1215 990 1300; baseline -0.004 -19"><span class='ocrx_word' id='word_1_51' title='bbox 156 1217 262 1281; x_wconf 84' lang='grc'><strong>5555115</strong></span> <span class='ocrx_word' id='word_1_52' title='bbox 285 1217 329 1280; x_wconf 95' lang='lat' dir='ltr'>nil</span> <span class='ocrx_word' id='word_1_53' title='bbox 352 1217 445 1282; x_wconf 90' lang='lat' dir='ltr'>nobis</span> <span class='ocrx_word' id='word_1_54' title='bbox 467 1216 554 1299; x_wconf 92' lang='lat' dir='ltr'>quod</span> <span class='ocrx_word' id='word_1_55' title='bbox 576 1217 617 1281; x_wconf 92' lang='lat' dir='ltr'>sit</span> <span class='ocrx_word' id='word_1_56' title='bbox 640 1216 823 1300; x_wconf 86' lang='lat' dir='ltr'>eontingere</span> <span class='ocrx_word' id='word_1_57' title='bbox 846 1215 963 1279; x_wconf 88' lang='lat' dir='ltr'>debet:</span> <span class='ocrx_word' id='word_1_58' title='bbox 986 1293 990 1299; x_wconf 25' lang='grc' dir='ltr'>Ι</span> 
     </span>
     <span class='ocr_line' id='line_1_10' title="bbox 155 1329 1119 1415; baseline -0.003 -21"><span class='ocrx_word' id='word_1_59' title='bbox 155 1338 289 1415; x_wconf 86' lang='lat' dir='ltr'>tangere</span> <span class='ocrx_word' id='word_1_60' title='bbox 312 1331 394 1395; x_wconf 88' lang='lat' dir='ltr'>enim</span> <span class='ocrx_word' id='word_1_61' title='bbox 416 1352 481 1399; x_wconf 92' lang='lat' dir='ltr'>non</span> <span class='ocrx_word' id='word_1_62' title='bbox 504 1331 572 1412; x_wconf 88' lang='lat' dir='ltr'>quit</span> <span class='ocrx_word' id='word_1_63' title='bbox 593 1330 679 1413; x_wconf 91' lang='lat' dir='ltr'>quod</span> <span class='ocrx_word' id='word_1_64' title='bbox 702 1330 789 1414; x_wconf 89' lang='lat' dir='ltr'>tangi</span> <span class='ocrx_word' id='word_1_65' title='bbox 811 1350 875 1393; x_wconf 93' lang='lat' dir='ltr'>non</span> <span class='ocrx_word' id='word_1_66' title='bbox 897 1329 973 1395; x_wconf 88' lang='lat' dir='ltr'>lieet</span> <span class='ocrx_word' id='word_1_67' title='bbox 995 1330 1119 1412; x_wconf 89' lang='lat' dir='ltr'>ipsum.</span> 
     </span>
     <span class='ocr_line' id='line_1_11' title="bbox 158 1445 1029 1528; baseline -0.001 -18"><span class='ocrx_word' id='word_1_68' title='bbox 158 1467 257 1528; x_wconf 90' lang='lat' dir='ltr'>quare</span> <span class='ocrx_word' id='word_1_69' title='bbox 279 1445 374 1509; x_wconf 89' lang='lat' dir='ltr'>etiam</span> <span class='ocrx_word' id='word_1_70' title='bbox 397 1446 490 1510; x_wconf 88' lang='lat' dir='ltr'>sedes</span> <span class='ocrx_word' id='word_1_71' title='bbox 514 1464 640 1527; x_wconf 88' lang='lat' dir='ltr'>quoque</span> <span class='ocrx_word' id='word_1_72' title='bbox 663 1446 781 1511; x_wconf 90' lang='lat' dir='ltr'>nostris</span> <span class='ocrx_word' id='word_1_73' title='bbox 805 1445 934 1509; x_wconf 89' lang='lat' dir='ltr'>sedibus</span> <span class='ocrx_word' id='word_1_74' title='bbox 957 1464 1029 1511; x_wconf 88' lang='grc'><strong>5555</strong></span> 
     </span>
     <span class='ocr_line' id='line_1_12' title="bbox 157 1558 987 1643; baseline -0.002 -19"><span class='ocrx_word' id='word_1_75' title='bbox 157 1559 330 1624; x_wconf 82' lang='lat' dir='ltr'>dissimiles</span> <span class='ocrx_word' id='word_1_76' title='bbox 352 1559 490 1643; x_wconf 88' lang='lat' dir='ltr'>debent,</span> <span class='ocrx_word' id='word_1_77' title='bbox 508 1565 633 1625; x_wconf 87' lang='lat' dir='ltr'>tenuest</span> <span class='ocrx_word' id='word_1_78' title='bbox 655 1561 681 1625; x_wconf 92' lang='lat' dir='ltr'>si</span> <span class='ocrx_word' id='word_1_79' title='bbox 705 1560 812 1643; x_wconf 85' lang='lat' dir='ltr'>eorpu’</span> <span class='ocrx_word' id='word_1_80' title='bbox 834 1558 987 1637; x_wconf 91' lang='lat' dir='ltr'>deorum;</span> 
     </span>
    </p>

    <p class='ocr_par' dir='ltr' id='par_1_4' title="bbox 84 1674 974 1758">
     <span class='ocr_line' id='line_1_13' title="bbox 84 1674 974 1758; baseline -0.004 -16"><span class='ocrx_word' id='word_1_81' title='bbox 84 1696 132 1744; x_wconf 88' lang='grc'>155</span> <span class='ocrx_word' id='word_1_82' title='bbox 158 1695 241 1756; x_wconf 90' lang='lat' dir='ltr'>quae</span> <span class='ocrx_word' id='word_1_83' title='bbox 263 1675 321 1739; x_wconf 91' lang='lat' dir='ltr'>tibi</span> <span class='ocrx_word' id='word_1_84' title='bbox 343 1675 502 1758; x_wconf 85' lang='lat' dir='ltr'>posterius</span> <span class='ocrx_word' id='word_1_85' title='bbox 525 1675 616 1758; x_wconf 86' lang='lat' dir='ltr'>largo</span> <span class='ocrx_word' id='word_1_86' title='bbox 640 1694 786 1739; x_wconf 84' lang='lat' dir='ltr'>sermone</span> <span class='ocrx_word' id='word_1_87' title='bbox 808 1674 974 1758; x_wconf 86' lang='lat' dir='ltr'>probabo.</span> 
     </span>
    </p>

    <p class='ocr_par' dir='ltr' id='par_1_5' title="bbox 131 1772 1015 2216">
     <span class='ocr_line' id='line_1_14' title="bbox 131 1772 985 1874; baseline 0 -20"><span class='ocrx_word' id='word_1_88' title='bbox 131 1772 262 1854; x_wconf 65' lang='lat' dir='ltr'>‘dicere</span> <span class='ocrx_word' id='word_1_89' title='bbox 284 1809 378 1874; x_wconf 89' lang='lat' dir='ltr'>porro</span> <span class='ocrx_word' id='word_1_90' title='bbox 400 1788 563 1852; x_wconf 92' lang='lat' dir='ltr'>hominum</span> <span class='ocrx_word' id='word_1_91' title='bbox 586 1808 684 1853; x_wconf 87' lang='lat' dir='ltr'>eausa</span> <span class='ocrx_word' id='word_1_92' title='bbox 706 1788 846 1853; x_wconf 85' lang='lat' dir='ltr'>voluisse</span> <span class='ocrx_word' id='word_1_93' title='bbox 869 1808 985 1872; x_wconf 85' lang='lat' dir='ltr'>parare</span> 
     </span>
     <span class='ocr_line' id='line_1_15' title="bbox 157 1903 928 1987; baseline 0 -19"><span class='ocrx_word' id='word_1_94' title='bbox 157 1905 357 1987; x_wconf 84' lang='lat' dir='ltr'>praeclaram</span> <span class='ocrx_word' id='word_1_95' title='bbox 380 1903 489 1968; x_wconf 90' lang='lat' dir='ltr'>mundi</span> <span class='ocrx_word' id='word_1_96' title='bbox 511 1909 677 1987; x_wconf 83' lang='lat' dir='ltr'>naturam,</span> <span class='ocrx_word' id='word_1_97' title='bbox 694 1910 928 1987; x_wconf 86' lang='lat' dir='ltr'>proptereaque</span> 
     </span>
     <span class='ocr_line' id='line_1_16' title="bbox 157 2018 888 2101; baseline 0 -19"><span class='ocrx_word' id='word_1_98' title='bbox 157 2018 362 2083; x_wconf 78' lang='lat' dir='ltr'>adlaudabile</span> <span class='ocrx_word' id='word_1_99' title='bbox 385 2037 464 2101; x_wconf 90' lang='lat' dir='ltr'>opus</span> <span class='ocrx_word' id='word_1_100' title='bbox 487 2018 594 2082; x_wconf 91' lang='lat' dir='ltr'>divom</span> <span class='ocrx_word' id='word_1_101' title='bbox 615 2018 750 2082; x_wconf 87' lang='lat' dir='ltr'>laudare</span> <span class='ocrx_word' id='word_1_102' title='bbox 773 2020 888 2083; x_wconf 89' lang='lat' dir='ltr'>deoere</span> 
     </span>
     <span class='ocr_line' id='line_1_17' title="bbox 159 2132 1015 2216; baseline -0.001 -19"><span class='ocrx_word' id='word_1_103' title='bbox 159 2138 385 2213; x_wconf 89' lang='lat' dir='ltr'>aeternumque</span> <span class='ocrx_word' id='word_1_104' title='bbox 407 2137 520 2216; x_wconf 87' lang='lat' dir='ltr'>putare</span> <span class='ocrx_word' id='word_1_105' title='bbox 542 2138 640 2212; x_wconf 91' lang='lat' dir='ltr'>atque</span> <span class='ocrx_word' id='word_1_106' title='bbox 662 2132 831 2197; x_wconf 84' lang='lat' dir='ltr'>inmortale</span> <span class='ocrx_word' id='word_1_107' title='bbox 854 2132 1015 2211; x_wconf 86' lang='lat' dir='ltr'>futurum,</span> 
     </span>
    </p>

    <p class='ocr_par' dir='ltr' id='par_1_6' title="bbox 84 2245 1117 2789">
     <span class='ocr_line' id='line_1_18' title="bbox 84 2245 981 2327; baseline -0.002 -15"><span class='ocrx_word' id='word_1_108' title='bbox 84 2267 133 2314; x_wconf 89' lang='grc'>155</span> <span class='ocrx_word' id='word_1_109' title='bbox 159 2245 291 2312; x_wconf 82' lang='lat' dir='ltr'>nectas</span> <span class='ocrx_word' id='word_1_110' title='bbox 315 2266 405 2323; x_wconf 85' lang='lat' dir='ltr'>esse,</span> <span class='ocrx_word' id='word_1_111' title='bbox 422 2247 516 2309; x_wconf 92' lang='lat' dir='ltr'>deum</span> <span class='ocrx_word' id='word_1_112' title='bbox 539 2245 626 2327; x_wconf 88' lang='lat' dir='ltr'>quod</span> <span class='ocrx_word' id='word_1_113' title='bbox 648 2247 688 2311; x_wconf 91' lang='lat' dir='ltr'>sit</span> <span class='ocrx_word' id='word_1_114' title='bbox 710 2247 834 2312; x_wconf 88' lang='lat' dir='ltr'>ratione</span> <span class='ocrx_word' id='word_1_115' title='bbox 856 2253 981 2312; x_wconf 86' lang='lat' dir='ltr'>vetusta</span> 
     </span>
     <span class='ocr_line' id='line_1_19' title="bbox 156 2357 966 2445; baseline 0 -19"><span class='ocrx_word' id='word_1_116' title='bbox 156 2360 304 2444; x_wconf 87' lang='lat' dir='ltr'>gentibus</span> <span class='ocrx_word' id='word_1_117' title='bbox 326 2359 474 2423; x_wconf 89' lang='lat' dir='ltr'>humanis</span> <span class='ocrx_word' id='word_1_118' title='bbox 497 2357 664 2424; x_wconf 83' lang='lat' dir='ltr'>fundatum</span> <span class='ocrx_word' id='word_1_119' title='bbox 687 2369 839 2445; x_wconf 90' lang='lat' dir='ltr'>perpetuo</span> <span class='ocrx_word' id='word_1_120' title='bbox 863 2381 966 2438; x_wconf 86' lang='lat' dir='ltr'>aevo,</span> 
     </span>
     <span class='ocr_line' id='line_1_20' title="bbox 158 2472 969 2559; baseline 0.002 -20"><span class='ocrx_word' id='word_1_121' title='bbox 158 2474 330 2539; x_wconf 84' lang='lat' dir='ltr'>sollicitare</span> <span class='ocrx_word' id='word_1_122' title='bbox 354 2475 419 2538; x_wconf 91' lang='lat' dir='ltr'>suis</span> <span class='ocrx_word' id='word_1_123' title='bbox 443 2472 510 2537; x_wconf 91' lang='lat' dir='ltr'>ulla</span> <span class='ocrx_word' id='word_1_124' title='bbox 532 2473 563 2538; x_wconf 84' lang='lat' dir='ltr'>ri</span> <span class='ocrx_word' id='word_1_125' title='bbox 586 2494 625 2539; x_wconf 82' lang='grc'>511</span> <span class='ocrx_word' id='word_1_126' title='bbox 648 2475 778 2541; x_wconf 88' lang='lat' dir='ltr'>sedibus</span> <span class='ocrx_word' id='word_1_127' title='bbox 800 2496 969 2559; x_wconf 90' lang='lat' dir='ltr'>umquam,</span> 
     </span>
     <span class='ocr_line' id='line_1_21' title="bbox 159 2589 1025 2667; baseline 0.001 -14"><span class='ocrx_word' id='word_1_128' title='bbox 159 2608 218 2653; x_wconf 89' lang='lat' dir='ltr'>neo</span> <span class='ocrx_word' id='word_1_129' title='bbox 240 2589 347 2654; x_wconf 88' lang='lat' dir='ltr'>verbis</span> <span class='ocrx_word' id='word_1_130' title='bbox 367 2607 487 2655; x_wconf 83' lang='grc'><strong>1511515</strong></span> <span class='ocrx_word' id='word_1_131' title='bbox 510 2594 542 2653; x_wconf 89' lang='grc'>55</span> <span class='ocrx_word' id='word_1_132' title='bbox 564 2590 605 2655; x_wconf 91' lang='lat' dir='ltr'>ab</span> <span class='ocrx_word' id='word_1_133' title='bbox 627 2590 690 2655; x_wconf 93' lang='lat' dir='ltr'>imo</span> <span class='ocrx_word' id='word_1_134' title='bbox 715 2598 858 2657; x_wconf 84' lang='lat' dir='ltr'>evertere</span> <span class='ocrx_word' id='word_1_135' title='bbox 881 2610 1025 2667; x_wconf 83' lang='lat' dir='ltr'>summa,</span> 
     </span>
     <span class='ocr_line' id='line_1_22' title="bbox 159 2702 1117 2789; baseline -0.003 -20"><span class='ocrx_word' id='word_1_136' title='bbox 159 2710 264 2769; x_wconf 84' lang='lat' dir='ltr'>cetera</span> <span class='ocrx_word' id='word_1_137' title='bbox 287 2702 328 2769; x_wconf 89' lang='lat' dir='ltr'>de</span> <span class='ocrx_word' id='word_1_138' title='bbox 350 2723 467 2784; x_wconf 89' lang='lat' dir='ltr'>genere</span> <span class='ocrx_word' id='word_1_139' title='bbox 491 2702 552 2768; x_wconf 89' lang='grc'><strong>1155</strong></span> <span class='ocrx_word' id='word_1_140' title='bbox 574 2703 735 2788; x_wconf 89' lang='lat' dir='ltr'>adfingere</span> <span class='ocrx_word' id='word_1_141' title='bbox 759 2711 791 2770; x_wconf 89' lang='lat' dir='ltr'>et</span> <span class='ocrx_word' id='word_1_142' title='bbox 812 2705 950 2789; x_wconf 85' lang='lat' dir='ltr'>addere,</span> <span class='ocrx_word' id='word_1_143' title='bbox 968 2705 1117 2789; x_wconf 86' lang='lat' dir='ltr'>Memmi,</span> 
     </span>
    </p>

    <p class='ocr_par' dir='ltr' id='par_1_7' title="bbox 85 2816 1054 3362">
     <span class='ocr_line' id='line_1_23' title="bbox 85 2816 1044 2902; baseline 0.001 -19"><span class='ocrx_word' id='word_1_144' title='bbox 85 2838 133 2885; x_wconf 87' lang='grc'>155</span> <span class='ocrx_word' id='word_1_145' title='bbox 160 2816 358 2902; x_wconf 74' lang='grc'><strong>(1551551555.</strong></span> <span class='ocrx_word' id='word_1_146' title='bbox 377 2817 452 2898; x_wconf 91' lang='lat' dir='ltr'>quid</span> <span class='ocrx_word' id='word_1_147' title='bbox 475 2819 559 2882; x_wconf 89' lang='lat' dir='ltr'>onim</span> <span class='ocrx_word' id='word_1_148' title='bbox 581 2818 801 2882; x_wconf 84' lang='lat' dir='ltr'>inmortalibus</span> <span class='ocrx_word' id='word_1_149' title='bbox 823 2825 918 2900; x_wconf 89' lang='lat' dir='ltr'>atque</span> <span class='ocrx_word' id='word_1_150' title='bbox 941 2821 1044 2885; x_wconf 87' lang='lat' dir='ltr'>beatis</span> 
     </span>
     <span class='ocr_line' id='line_1_24' title="bbox 157 2912 926 3018; baseline 0 -21"><span class='ocrx_word' id='word_1_151' title='bbox 157 2912 393 3016; x_wconf 72' lang='lat' dir='ltr'>gratianostra</span> <span class='ocrx_word' id='word_1_152' title='bbox 414 2939 511 3012; x_wconf 89' lang='lat' dir='ltr'>queat</span> <span class='ocrx_word' id='word_1_153' title='bbox 532 2932 677 3015; x_wconf 80' lang='lat' dir='ltr'>largirier</span> <span class='ocrx_word' id='word_1_154' title='bbox 701 2932 926 3018; x_wconf 84' lang='lat' dir='ltr'>emolumenti,</span> 
     </span>
     <span class='ocr_line' id='line_1_25' title="bbox 158 3046 1054 3131; baseline 0 -20"><span class='ocrx_word' id='word_1_155' title='bbox 158 3052 193 3111; x_wconf 88' lang='lat' dir='ltr'>ut</span> <span class='ocrx_word' id='word_1_156' title='bbox 214 3053 324 3111; x_wconf 87' lang='lat' dir='ltr'>nostra</span> <span class='ocrx_word' id='word_1_157' title='bbox 346 3046 515 3127; x_wconf 88' lang='lat' dir='ltr'>quiequam</span> <span class='ocrx_word' id='word_1_158' title='bbox 540 3065 638 3110; x_wconf 88' lang='lat' dir='ltr'>eausa</span> <span class='ocrx_word' id='word_1_159' title='bbox 659 3067 772 3130; x_wconf 88' lang='lat' dir='ltr'>gerere</span> <span class='ocrx_word' id='word_1_160' title='bbox 795 3048 1054 3131; x_wconf 82' lang='lat' dir='ltr'>adgrediuntur?</span> 
     </span>
     <span class='ocr_line' id='line_1_26' title="bbox 158 3156 947 3245; baseline 0.006 -21"><span class='ocrx_word' id='word_1_161' title='bbox 158 3160 274 3243; x_wconf 87' lang='lat' dir='ltr'>quidve</span> <span class='ocrx_word' id='word_1_162' title='bbox 296 3160 371 3225; x_wconf 88' lang='lat' dir='ltr'>novi</span> <span class='ocrx_word' id='word_1_163' title='bbox 392 3159 495 3243; x_wconf 92' lang='lat' dir='ltr'>potuit</span> <span class='ocrx_word' id='word_1_164' title='bbox 516 3165 605 3225; x_wconf 90' lang='lat' dir='ltr'>tanto</span> <span class='ocrx_word' id='word_1_165' title='bbox 622 3156 702 3244; x_wconf 78' lang='lat' dir='ltr'>&#39;post</span> <span class='ocrx_word' id='word_1_166' title='bbox 724 3172 797 3227; x_wconf 91' lang='lat' dir='ltr'>ante</span> <span class='ocrx_word' id='word_1_167' title='bbox 821 3164 947 3245; x_wconf 88' lang='lat' dir='ltr'>quietos</span> 
     </span>
     <span class='ocr_line' id='line_1_27' title="bbox 157 3276 969 3362; baseline 0.002 -22"><span class='ocrx_word' id='word_1_168' title='bbox 157 3277 286 3341; x_wconf 89' lang='grc'><strong>15115515</strong></span> <span class='ocrx_word' id='word_1_169' title='bbox 308 3281 342 3339; x_wconf 90' lang='grc'>55</span> <span class='ocrx_word' id='word_1_170' title='bbox 364 3282 516 3359; x_wconf 79' lang='lat' dir='ltr'>cuperent</span> <span class='ocrx_word' id='word_1_171' title='bbox 538 3276 635 3339; x_wconf 89' lang='lat' dir='ltr'>vitam</span> <span class='ocrx_word' id='word_1_172' title='bbox 658 3283 781 3342; x_wconf 88' lang='lat' dir='ltr'>mutare</span> <span class='ocrx_word' id='word_1_173' title='bbox 803 3280 969 3362; x_wconf 77' lang='lat' dir='ltr'>priorem?</span> 
     </span>
    </p>

    <p class='ocr_par' dir='ltr' id='par_1_8' title="bbox 85 3388 1015 3589">
     <span class='ocr_line' id='line_1_28' title="bbox 85 3388 1015 3482; baseline -0.006 -22"><span class='ocrx_word' id='word_1_174' title='bbox 85 3412 133 3460; x_wconf 86' lang='grc'>115</span> <span class='ocrx_word' id='word_1_175' title='bbox 158 3397 210 3475; x_wconf 86' lang='grc'>55,</span> <span class='ocrx_word' id='word_1_176' title='bbox 227 3391 343 3473; x_wconf 86' lang='lat' dir='ltr'>oredo,</span> <span class='ocrx_word' id='word_1_177' title='bbox 359 3389 392 3452; x_wconf 95' lang='lat' dir='ltr'>in</span> <span class='ocrx_word' id='word_1_178' title='bbox 414 3388 556 3454; x_wconf 89' lang='lat' dir='ltr'>tenebris</span> <span class='ocrx_word' id='word_1_179' title='bbox 577 3390 643 3453; x_wconf 91' lang='lat' dir='ltr'>vita</span> <span class='ocrx_word' id='word_1_180' title='bbox 664 3410 702 3455; x_wconf 90' lang='lat' dir='ltr'>ae</span> <span class='ocrx_word' id='word_1_181' title='bbox 724 3412 848 3457; x_wconf 85' lang='lat' dir='ltr'>merore</span> <span class='ocrx_word' id='word_1_182' title='bbox 866 3393 1015 3482; x_wconf 77' lang='lat' dir='ltr'>iacebat,</span> 
     </span>
     <span class='ocr_line' id='line_1_29' title="bbox 159 3501 909 3589; baseline 0.001 -20"><span class='ocrx_word' id='word_1_183' title='bbox 159 3506 262 3570; x_wconf 87' lang='lat' dir='ltr'>donee</span> <span class='ocrx_word' id='word_1_184' title='bbox 284 3503 398 3567; x_wconf 82' lang='lat' dir='ltr'>diluxit</span> <span class='ocrx_word' id='word_1_185' title='bbox 418 3523 523 3568; x_wconf 92' lang='lat' dir='ltr'>rerum</span> <span class='ocrx_word' id='word_1_186' title='bbox 545 3504 695 3584; x_wconf 87' lang='lat' dir='ltr'>genitalis</span> <span class='ocrx_word' id='word_1_187' title='bbox 717 3506 827 3589; x_wconf 90' lang='lat' dir='ltr'>origo.</span> <span class='ocrx_word' id='word_1_188' title='bbox 906 3501 909 3505; x_wconf 65' lang='grc'>’</span> 
     </span>
    </p>

    <p class='ocr_par' dir='ltr' id='par_1_9' title="bbox 85 3616 917 3702">
     <span class='ocr_line' id='line_1_30' title="bbox 85 3616 917 3702; baseline -0.006 -14"><span class='ocrx_word' id='word_1_189' title='bbox 85 3640 134 3687; x_wconf 88' lang='grc'>115</span> <span class='ocrx_word' id='word_1_190' title='bbox 158 3640 232 3684; x_wconf 90' lang='lat' dir='ltr'>nam</span> <span class='ocrx_word' id='word_1_191' title='bbox 255 3616 397 3702; x_wconf 88' lang='lat' dir='ltr'>gaudere</span> <span class='ocrx_word' id='word_1_192' title='bbox 419 3617 509 3683; x_wconf 89' lang='lat' dir='ltr'>novis</span> <span class='ocrx_word' id='word_1_193' title='bbox 532 3618 627 3685; x_wconf 89' lang='lat' dir='ltr'>rebus</span> <span class='ocrx_word' id='word_1_194' title='bbox 650 3618 769 3685; x_wconf 90' lang='lat' dir='ltr'>debere</span> <span class='ocrx_word' id='word_1_195' title='bbox 792 3619 917 3685; x_wconf 89' lang='lat' dir='ltr'>&#39;videtur</span> 
     </span>
    </p>

    <p class='ocr_par' dir='ltr' id='par_1_10' title="bbox 102 3733 1126 4048">
     <span class='ocr_line' id='line_1_31' title="bbox 102 3733 973 3816; baseline -0.002 -16"><span class='ocrx_word' id='word_1_196' title='bbox 102 3805 105 3810; x_wconf 60' lang='grc'><strong>,</strong></span> <span class='ocrx_word' id='word_1_197' title='bbox 158 3736 207 3800; x_wconf 90' lang='grc'>551</span> <span class='ocrx_word' id='word_1_198' title='bbox 227 3739 351 3800; x_wconf 87' lang='lat' dir='ltr'>veteres</span> <span class='ocrx_word' id='word_1_199' title='bbox 374 3733 508 3797; x_wconf 90' lang='lat' dir='ltr'>obsunt:</span> <span class='ocrx_word' id='word_1_200' title='bbox 525 3733 581 3798; x_wconf 88' lang='lat' dir='ltr'>sed</span> <span class='ocrx_word' id='word_1_201' title='bbox 605 3734 656 3798; x_wconf 89' lang='lat' dir='ltr'>oui</span> <span class='ocrx_word' id='word_1_202' title='bbox 677 3735 723 3798; x_wconf 93' lang='lat' dir='ltr'>nil</span> <span class='ocrx_word' id='word_1_203' title='bbox 746 3734 861 3800; x_wconf 88' lang='lat' dir='ltr'>aooidit</span> <span class='ocrx_word' id='word_1_204' title='bbox 883 3734 973 3816; x_wconf 88' lang='lat' dir='ltr'>aegri</span> 
     </span>
     <span class='ocr_line' id='line_1_32' title="bbox 157 3847 1126 3934; baseline -0.001 -22"><span class='ocrx_word' id='word_1_205' title='bbox 157 3855 300 3933; x_wconf 90' lang='lat' dir='ltr'>tempore</span> <span class='ocrx_word' id='word_1_206' title='bbox 323 3847 356 3911; x_wconf 92' lang='lat' dir='ltr'>in</span> <span class='ocrx_word' id='word_1_207' title='bbox 379 3849 452 3912; x_wconf 89' lang='lat' dir='ltr'>ante</span> <span class='ocrx_word' id='word_1_208' title='bbox 475 3853 546 3912; x_wconf 83' lang='grc'><strong>5555</strong></span> <span class='ocrx_word' id='word_1_209' title='bbox 560 3899 568 3926; x_wconf 90' lang='grc'>,</span> <span class='ocrx_word' id='word_1_210' title='bbox 584 3867 657 3913; x_wconf 90' lang='grc'><strong>55111</strong></span> <span class='ocrx_word' id='word_1_211' title='bbox 679 3849 812 3934; x_wconf 81' lang='lat' dir='ltr'>pulchre</span> <span class='ocrx_word' id='word_1_212' title='bbox 833 3848 968 3931; x_wconf 86' lang='lat' dir='ltr'>degeret</span> <span class='ocrx_word' id='word_1_213' title='bbox 990 3865 1126 3932; x_wconf 84' lang='lat' dir='ltr'>aevom,</span> 
     </span>
     <span class='ocr_line' id='line_1_33' title="bbox 158 3961 997 4048; baseline -0.001 -21"><span class='ocrx_word' id='word_1_214' title='bbox 158 3961 236 4046; x_wconf 93' lang='lat' dir='ltr'>quid</span> <span class='ocrx_word' id='word_1_215' title='bbox 256 3963 357 4048; x_wconf 87' lang='lat' dir='ltr'>potuit</span> <span class='ocrx_word' id='word_1_216' title='bbox 379 3961 531 4028; x_wconf 87' lang='lat' dir='ltr'>novitatis</span> <span class='ocrx_word' id='word_1_217' title='bbox 551 3982 692 4029; x_wconf 90' lang='lat' dir='ltr'>amorem</span> <span class='ocrx_word' id='word_1_218' title='bbox 715 3963 892 4030; x_wconf 82' lang='lat' dir='ltr'>aooendere</span> <span class='ocrx_word' id='word_1_219' title='bbox 914 3962 997 4027; x_wconf 82' lang='lat' dir='ltr'>tali?</span> 
     </span>
    </p>
   </div>
   <div class='ocr_carea' id='block_1_3' title="bbox 161 4180 1012 4280">
    <p class='ocr_par' dir='ltr' id='par_1_11' title="bbox 161 4180 1012 4280">
     <span class='ocr_line' id='line_1_34' title="bbox 161 4180 1012 4280; baseline -0.005 -15"><span class='ocrx_word' id='word_1_220' title='bbox 161 4180 209 4265; x_wconf 65' lang='lat' dir='ltr'>lua</span> <span class='ocrx_word' id='word_1_221' title='bbox 229 4213 337 4279; x_wconf 86' lang='lat' dir='ltr'>quodsi</span> <span class='ocrx_word' id='word_1_222' title='bbox 357 4211 370 4280; x_wconf 68' lang='lat' dir='ltr'>ll</span> <span class='ocrx_word' id='word_1_223' title='bbox 394 4215 443 4262; x_wconf 80' lang='lat'>154</span> <span class='ocrx_word' id='word_1_224' title='bbox 463 4220 549 4262; x_wconf 88' lang='lat' dir='ltr'>tenues</span> <span class='ocrx_word' id='word_1_225' title='bbox 568 4214 598 4262; x_wconf 86' lang='lat' dir='ltr'>de</span> <span class='ocrx_word' id='word_1_226' title='bbox 616 4228 721 4277; x_wconf 84' lang='lat' dir='ltr'>corpore</span> <span class='ocrx_word' id='word_1_227' title='bbox 740 4228 843 4263; x_wconf 88' lang='lat' dir='ltr'>eorum.</span> <span class='ocrx_word' id='word_1_228' title='bbox 865 4207 879 4279; x_wconf 76' lang='grc' dir='ltr'>Η</span> <span class='ocrx_word' id='word_1_229' title='bbox 901 4215 950 4262; x_wconf 77' lang='grc'>175</span> <span class='ocrx_word' id='word_1_230' title='bbox 969 4214 1012 4261; x_wconf 87' lang='lat' dir='ltr'>An</span> 
     </span>
    </p>
   </div>
   <div class='ocr_carea' id='block_1_4' title="bbox 0 0 1376 4658">
    <p class='ocr_par' dir='ltr' id='par_1_12' title="bbox 0 0 1376 4658">
     <span class='ocr_line' id='line_1_35' title="bbox 0 0 1376 4658; baseline 0 0"><span class='ocrx_word' id='word_1_231' title='bbox 0 0 1376 4658; x_wconf 95' lang='lat' dir='ltr'> </span> 
     </span>
    </p>
   </div>
  </div>
 </body>
</html>
