2744 4658
159 245 201 310 88
697 237 746 302 111

83 433 132 480 nse
158 380 225 476 sed=
239 410 330 491 quasi
353 410 471 475 multae
493 410 541 474 vis
564 409 657 473 iunius
681 408 823 493 corporis
845 415 975 475 extant.

160 525 244 607 quod
267 544 368 608 genus
390 525 422 587 in
447 524 558 607 quovis
582 523 778 588 animantum
800 524 923 589 viscere
947 524 1041 608 volgo

159 646 206 704 est
229 638 310 705 odor
331 647 362 704 et
385 638 514 721 quidam
537 638 625 703 calor
647 644 678 703 et
701 657 816 722 sapor,
837 645 867 702 et
890 644 998 703 tamen
1020 659 1059 704 ex
1082 638 1132 705 bis

161 755 308 819 omnibus
331 759 379 819 est
402 775 498 818 unum
521 752 697 837 perfectum
720 752 863 837 corporis
885 773 1044 835 augmen.

160 868 207 934 sic
230 868 317 933 calor
339 875 436 951 atque
459 875 514 932 aer
537 873 567 931 et
589 867 675 932 venti
699 887 796 933 caeca
819 873 965 952 potestas

86 1003 136 1052 270
161 983 261 1048 mixta
286 990 393 1048 creant
415 1003 510 1048 unam
533 989 702 1060 naturam,
721 989 752 1047 ct
773 983 902 1047 mobilis
924 983 980 1048 iila

160 1098 228 1181 vis,
245 1098 357 1162 initum
381 1105 484 1164 motus
507 1100 549 1163 ab
573 1117 608 1163 se
632 1117 717 1179 quae
740 1098 852 1162 dividit
875 1080 968 1176 cilis,

160 1212 298 1278 sensifer
320 1213 406 1279 uude
429 1215 526 1278 oritur
548 1214 681 1298 primum
705 1233 762 1296 per
786 1213 910 1277 viscera
933 1218 1058 1278 metus.

160 1349 235 1393 nam
257 1329 383 1414 penitus
406 1349 552 1414 prorsum
577 1328 657 1394 latet
679 1328 760 1393 baec
782 1334 895 1392 natura
918 1329 1110 1411 subestque,

161 1464 221 1509 nec
242 1444 348 1525 magis
370 1443 431 1507 hac
453 1443 540 1507 infra
563 1444 734 1525 quicquam
758 1449 805 1509 est
826 1445 858 1508 in
882 1464 1015 1528 corpore
1040 1451 1169 1523 nostro,

86 1580 136 1628 aas
161 1564 259 1640 atque
283 1558 389 1622 anima
413 1564 463 1623 est
485 1559 614 1623 animae
636 1580 789 1643 proporro
813 1560 908 1624 totius
931 1559 1023 1642 ipsa.

162 1673 248 1755 quod
271 1693 373 1755 genus
396 1674 428 1737 in
452 1673 569 1738 nostris
592 1673 744 1738 membris
768 1679 799 1738 et
822 1693 953 1756 corpore
977 1680 1043 1739 toto

161 1790 260 1853 mixta
282 1788 385 1853 latens
408 1789 503 1854 animi
528 1789 575 1855 vis
598 1796 647 1855 est
669 1789 860 1871 animaeque
883 1794 1047 1874 potestas,

161 1905 347 1988 corporibus
371 1905 445 1988 quia
468 1904 508 1969 de
530 1904 639 1988 parvis
661 1905 836 1989 paucisque
859 1911 1015 1971 creatnst.

160 2019 205 2084 sic
228 2019 285 2082 tibi
307 2019 445 2083 nominis
468 2019 548 2083 baec
571 2039 686 2102 expers
709 2019 776 2102 vis,
794 2020 879 2085 facta
901 2020 1030 2086 minutis

87 2154 136 2202 neo
160 2133 365 2218 corporibus,
383 2135 461 2198 latet
484 2139 579 2215 atque
603 2135 728 2199 animae
752 2135 843 2215 quasi
866 2136 961 2200 totius
982 2136 1055 2220 ipsa

160 2255 345 2332 proporrost
367 2249 474 2312 anima
497 2256 528 2313 et
550 2248 729 2313 dominatur
752 2269 885 2333 corpore
908 2257 993 2316 toto.

160 2363 320 2428 consimili
343 2363 467 2428 ratione
490 2369 652 2429 necessest
674 2370 787 2429 ventus
810 2372 842 2430 et
864 2373 918 2430 ae'r

161 2484 201 2542 et
215 2478 302 2542 calor
323 2479 405 2543 inter
429 2498 464 2543 se
487 2479 615 2562 vigeant
638 2481 809 2545 commixta
831 2501 888 2565 per
910 2488 1019 2560 artus,

159 2592 265 2674 adque
289 2594 362 2659 aliis
386 2594 473 2658 aiind
496 2594 597 2659 subsit
619 2596 722 2678 magis
746 2596 968 2680 eminentque,

85 2728 134 2777 285
160 2714 193 2771 ut
216 2709 370 2791 quiddam
392 2709 460 2775 fieri
483 2710 629 2775 videatur
652 2713 692 2775 ab
716 2711 861 2776 omnibus
884 2732 1000 2796 unum,

160 2823 191 2887 ni
215 2825 303 2890 calor
326 2846 364 2890 ac
386 2831 500 2890 ventus
522 2845 665 2890 seorsum
689 2844 896 2909 seorsumque
918 2833 1062 2912 potestas

158 2938 243 3005 aeris
265 2940 459 3005 interemant
481 2959 610 3004 sensum
633 2939 824 3023 diductaque
848 2942 995 3007 solvant.

159 3059 208 3118 est
229 3055 345 3119 etenim
368 3054 458 3118 calor
479 3054 534 3120 ilie
557 3055 685 3138 animo,
703 3075 796 3137 quem
819 3058 933 3142 sumit,
949 3059 982 3123 in
1005 3059 1054 3123 ira

102 3257 106 3264 Ι
145 3182 229 3232 'cum
252 3167 404 3233 fervescit
425 3174 456 3233 et
478 3189 517 3234 ex
541 3169 641 3235 oculis
663 3170 758 3235 micat
780 3172 907 3236 acribus
931 3170 1048 3237 ardor:

84 3303 135 3349 eoo
161 3289 211 3347 est
233 3302 273 3347 ea
295 3282 416 3365 frigida
440 3284 555 3367 multa,
573 3305 680 3350 onmes
703 3284 901 3371 formidinis,
919 3308 1015 3366 arura,

160 3417 244 3477 quae
268 3398 329 3464 ciet
349 3398 511 3463 horrorem
535 3399 685 3465 membris
709 3408 740 3465 et
762 3402 899 3466 concitat
921 3409 1029 3469 artus:

161 3518 210 3577 est
232 3514 327 3578 etiam
350 3533 476 3596 quoque
499 3514 606 3597 pacati
630 3520 731 3580 status
754 3516 837 3580 aeris
859 3516 934 3601 iile,

160 3634 289 3710 pectore
311 3629 484 3710 tranquillo
509 3629 563 3710 qui
584 3629 619 3692 iit
641 3631 791 3711 voltuque
814 3650 947 3696 sereno.

159 3741 216 3806 sed
239 3741 335 3808 calidi
358 3743 430 3827 plus
453 3750 501 3809 est
523 3745 586 3810 iilis
609 3745 724 3826 quibus
746 3745 835 3809 acria
857 3745 957 3811 corda
1056 3810 1059 3816 .

84 3874 134 3923 295
158 3854 377 3940 iracundaque
399 3878 489 3925 mens
511 3860 607 3924 facile
630 3859 811 3925 effervescit
831 3861 864 3924 in
887 3862 955 3945 ira,

1123 518 1137 557 ,

159 4035 226 4041 -ο
237 4035 253 4040 --
268 4035 311 4040 ......
327 4034 360 4041 w.-

162 4136 212 4183 272
232 4133 371 4184 Seusiferer
391 4131 405 4200 ΙΙ
425 4136 475 4184 288
494 4137 571 4185 eriam
592 4132 604 4204 Η
625 4138 675 4186 289
695 4136 816 4187 fervescet
835 4136 849 4206 Η
870 4137 953 4188 acrius
979 4135 992 4207 Η
1018 4141 1069 4189 890
1088 4147 1113 4189 ct
1137 4136 1150 4208 41
1175 4143 1223 4190 291
1245 4140 1283 4190 in·

164 4221 275 4272 concitat
295 4219 308 4288 Η
329 4223 379 4270 293
399 4221 503 4271 Pertore
523 4220 536 4290 Η
556 4224 584 4271 iit
602 4223 646 4287 qui
745 4252 747 4256 -
774 4249 777 4255 ·
