2744 4658
673 249 731 313 1111

84 441 119 488 55
147 440 357 504 corporatos
379 420 514 495 multae,
530 421 648 504 partim
672 421 790 486 diffusa
813 422 935 506 solute,

144 535 264 601 robora
287 554 345 600 ceu
366 536 484 598 humum
507 535 634 600 mittunt
654 537 808 618 ignesque
829 558 1003 621 vaporem,

146 657 180 716 et
200 645 317 735 partim
341 656 489 715 contexta
511 651 616 731 magis
638 651 884 733 condensaque,
899 659 933 718 ut
955 655 1032 719 olim

147 787 218 832 cum
240 764 350 830 teretis
371 773 493 848 pouunt
514 765 638 830 tunicas
661 772 784 832 aestate
807 767 957 854 cicadae,

146 887 178 946 et
200 879 289 945 rituli
312 899 383 943 cunr
406 881 609 945 membranas
631 882 671 945 de
695 902 827 964 corpore
850 902 973 949 summo

85 1020 121 1066 co
147 1000 317 1062 nascentes
338 995 484 1071 mittunt,
501 1002 532 1059 ct
553 995 629 1059 item
652 1016 721 1060 cum
744 997 867 1063 lubrica
890 1014 1023 1083 serpens

147 1111 234 1176 exuit
254 1110 287 1174 in
310 1109 412 1194 spinis
434 1116 576 1175 vestem:
591 1131 667 1174 nam
690 1132 787 1196 saepe
808 1113 953 1178 videmus

146 1225 274 1289 illorum
297 1224 406 1308 spoliis
429 1245 544 1308 vepres
566 1225 771 1290 volitantibus
793 1232 924 1291 auctas:

149 1358 233 1422 quae
256 1339 406 1421 quoniam
429 1339 526 1416 fiunt,
542 1341 646 1404 tenuis
670 1360 795 1421 quoque
818 1339 913 1406 debet
934 1342 1039 1425 imago

146 1454 191 1520 ab
213 1455 310 1519 rebus
331 1453 432 1537 mitti,
450 1475 572 1519 summo
596 1454 636 1519 de
659 1475 791 1540 corpore
814 1476 938 1520 rerum.

86 1591 121 1638 55
148 1590 226 1633 narn
248 1588 303 1632 cur
324 1568 381 1631 illa
404 1568 522 1633 cadant
543 1570 645 1653 magis
668 1571 709 1634 ab
733 1571 892 1652 rebusque
914 1573 1064 1638 recedant

148 1705 244 1767 quam
268 1702 348 1765 quae
371 1683 479 1747 tenvia
502 1690 595 1762 sunt,
613 1685 788 1750 hiscendist
811 1686 899 1749 nulla
921 1694 1085 1770 potestas3

147 1799 337 1885 praesertim
360 1818 430 1861 cum
453 1798 570 1862 sintin
592 1801 723 1864 summis
746 1821 880 1882 corpora
902 1802 996 1866 rebus

150 1915 246 1979 multa
268 1913 407 1996 minuta,
424 1913 484 1977 iaci
509 1933 590 1994 quae
612 1914 736 1997 possint
759 1914 871 1979 ordine
895 1915 1007 1979 eodem

150 2048 210 2111 quo
233 2028 369 2110 inerint,
386 2032 418 2092 et
440 2028 555 2092 formai
578 2049 707 2093 servaro
729 2029 883 2111 figuram,

90 2164 123 2211 so
147 2148 180 2209 et
199 2142 299 2207 multo
323 2142 435 2226 citius,
453 2147 571 2224 quanto
594 2143 698 2208 miuus
720 2143 899 2228 indupediri

146 2277 253 2344 pauca
276 2266 396 2339 queunt
420 2264 453 2323 et
474 2279 558 2340 quae
582 2265 655 2323 sunt
676 2260 781 2343 prima
803 2259 908 2325 fronte
929 2260 1056 2326 locata.

148 2394 224 2439 nam
247 2379 332 2438 certe
355 2372 461 2438 iacere
483 2394 521 2438 ac
543 2375 652 2456 largiri
675 2375 775 2438 multa
797 2374 960 2459 videmus,

148 2510 214 2554 non
237 2493 341 2556 solum
364 2513 403 2557 ex
426 2492 491 2556 alto
514 2488 725 2571 penitusque,
742 2496 776 2552 ut
798 2488 935 2552 diximus
957 2495 1054 2575 ante,

147 2624 258 2669 verum
282 2609 322 2671 de
345 2607 474 2672 summis
497 2606 602 2689 ipsum
625 2622 753 2685 quoquc
775 2622 873 2687 saepe
897 2606 1056 2669 colorem.

89 2741 123 2789 75
149 2726 182 2785 et
204 2722 300 2804 volgo
323 2721 445 2786 iaciunt
466 2720 500 2784 id
522 2720 608 2783 lutea
632 2737 787 2799 russaque
810 2718 883 2782 vola

149 2841 181 2899 et
202 2836 383 2922 ferrugina,
400 2858 489 2920 cum,
507 2835 632 2918 maguis
654 2835 776 2898 intenta
798 2831 951 2910 theatris,

147 2970 207 3037 per
229 2954 330 3017 malos
351 2953 484 3033 volgata
506 2952 676 3032 trabesque
698 2951 866 3015 trementia
887 2948 1017 3013 flutant:

149 3086 285 3148 namque
307 3067 352 3131 ibi
375 3040 561 3132 consessum
584 3064 698 3128 caveai
721 3071 829 3149 supter
853 3070 883 3129 et
906 3084 1033 3129 omnem

148 3181 277 3247 scaenai
300 3181 439 3265 speciem
465 3182 607 3266 pulcram
630 3179 816 3260 variumque
840 3178 988 3243 decorem
1060 3200 1120 3237 :
1210 3166 1257 3225 ’πῖ

89 3317 124 3365 so
149 3295 294 3363 inficiunt
316 3264 874 3378 coguntquesbb'dditdi·d'colorez

149 3416 182 3477 et
204 3416 325 3504 quanto
347 3411 464 3475 circum
486 3431 580 3494 mage
603 3416 677 3475 sunt
698 3415 838 3491 angusta
859 3406 977 3473 theatri

150 3527 300 3604 moenia,
316 3533 380 3591 tam
393 3527 508 3608 magis
531 3527 612 3591 haec
634 3525 718 3589 intus
740 3524 873 3609 perfusa
894 3524 1004 3608 lepore

148 3641 256 3707 omnia
278 3641 444 3707 conrident
466 3646 612 3724 correpta
634 3641 706 3705 luce
728 3638 810 3703 diei.

148 3775 227 3841 ergo
251 3756 350 3822 lintea
372 3755 414 3821 de
437 3776 560 3821 summo
584 3775 653 3820 cnm
678 3773 810 3838 corpore
832 3752 937 3818 mcum

89 3893 123 3943 ss
150 3871 296 3951 mittunt,
313 3869 442 3954 effigias
464 3890 591 3954 qnoque
613 3870 731 3937 debent
752 3869 875 3934 mittere
898 3866 1001 3933 tenvis

153 4143 187 4192 63
206 4141 270 4191 debe
290 4138 303 4208 Η
324 4143 357 4190 68
377 4157 479 4191 eorum.
504 4137 517 4209 Η
543 4144 572 4190 71
594 4155 658 4203 quae
677 4139 817 4191 omissum.
838 4133 852 4205 Η
878 4139 909 4187 72
929 4136 1018 4200 iergiri
1044 4132 1057 4203 Η
1082 4137 1113 4183 77
1133 4133 1239 4185 fluctus.
1260 4130 1273 4202 Η

156 4231 188 4280 79
210 4227 317 4280 Scaenul
338 4224 351 4297 Η
371 4237 471 4295 patrum
489 4237 649 4293 matrumque
667 4227 787 4281 deorum.
809 4223 821 4291 Η
841 4226 873 4275 81
894 4224 1032 4278 inclaustra
