2678 4658
674 111 690 174 I

138 288 159 346 a
174 283 307 365 graviter
328 281 441 364 magni
464 299 583 364 magno
606 278 750 345 oeoidere
773 280 815 342 ibi
837 301 936 344 oasu:

134 397 248 479 primum
271 397 361 480 quod
384 402 490 461 motus
512 400 660 479 exempto
684 394 780 459 rebus
802 394 892 458 inani

67 590 69 597 Ι
130 513 327 597 constituunt,
352 518 384 577 et
405 531 457 576 res
479 509 586 575 mollis
608 529 764 591 rarasque
786 510 989 594 relinquont,

67 606 70 611 ¹
128 633 208 711 aera,
233 628 358 703 solem,
381 626 511 710 ignem,
535 632 673 701 terram,
697 624 873 701 animalia,
897 624 1027 708 fruges,

69 742 108 803 tto
125 761 172 807 neo
192 749 304 808 tamen
328 740 505 806 admiscent
526 740 559 804 in
582 759 692 804 eorum
714 759 830 823 eorpus
851 739 968 822 inane3

122 855 230 922 deinde
253 857 343 939 quod
367 855 497 921 omnino
519 854 614 919 tinem
635 874 700 918 non
725 873 796 919 esse
819 855 969 921 seoandis

120 971 303 1056 corporibus
326 969 469 1048 faoiunt,
492 989 597 1052 neque
618 991 757 1056 pausam
780 978 866 1037 stare
889 968 1032 1052 fragori,

118 1107 170 1152 neo
191 1106 345 1171 prorsum
367 1085 400 1150 in
424 1085 520 1150 rebus
541 1086 706 1150 minimum
728 1086 904 1152 consistere
928 1085 1120 1166 quiequam;

117 1221 182 1266 oum
205 1200 379 1267 videamus
401 1199 436 1265 id
459 1206 636 1266 extremum
659 1200 813 1283 cuiusque
836 1218 989 1265 oaoumen

68 1330 98 1381 to
116 1335 183 1382 esse
208 1315 297 1399 quod
320 1315 364 1380 ad
386 1335 500 1381 sensus
522 1321 649 1381 nostros
670 1316 835 1380 minimum
859 1335 930 1380 esse
952 1313 1096 1397 videtur,

115 1431 259 1497 oonioere
281 1437 318 1494 ut
339 1430 445 1514 possis
465 1407 507 1495 ex
530 1433 610 1514 hoo,
634 1451 719 1513 quae
742 1450 871 1495 eernere
895 1449 960 1495 non
983 1429 1054 1511 quis

117 1552 289 1611 extremum
311 1545 398 1627 quod
421 1534 560 1629 habent',
582 1545 747 1609 minimum
762 1544 947 1618 „consistere
968 1564 1134 1629 prorsum.

119 1659 179 1725 buo
200 1661 327 1726 aooedit
349 1660 436 1737 otei,
460 1659 612 1741 quoniam
634 1658 812 1743 primordia
832 1679 937 1723 rernm

124 1774 228 1840 mollia
248 1775 464 1859 constituunt,
489 1795 574 1858 quae
596 1795 655 1840 nos
678 1774 789 1839 nativa
811 1772 957 1838 videmus

67 1907 102 1955 ros
122 1908 188 1956 esse
210 1897 241 1956 et
263 1890 394 1955 mortali
417 1910 490 1955 oum
511 1909 665 1973 corpore,
689 1888 832 1953 funditus
856 1907 957 1970 usque

119 2004 231 2084 debeat
255 2004 299 2069 ad
321 2004 422 2069 nilum
444 2004 511 2069 iam
530 2024 637 2069 rerum
660 2022 786 2068 summa
808 2003 923 2069 reverti

117 2120 154 2186 de
174 2122 308 2202 niloque
332 2124 448 2185 renata
470 2119 634 2204 vigescere
657 2119 751 2202 eopia
774 2140 899 2203 rerum5

116 2257 248 2319 quorum
270 2241 441 2318 utrumque
464 2236 540 2317 quid
563 2255 584 2299 a
607 2254 683 2301 vero
706 2237 771 2299 iam
795 2234 891 2300 distet
913 2233 1067 2299 habebis.
1138 2263 1141 2268 ·

116 2351 233 2418 deinde
257 2351 388 2417 inimioa
409 2351 515 2416 modis
537 2351 645 2416 multis
669 2357 742 2416 sunt
765 2356 862 2431 atque
884 2370 1007 2416 veneno

67 2484 97 2532 'oo
116 2467 186 2552 ipsa
209 2466 272 2533 sibi
296 2467 377 2531 inter
402 2486 457 2548 se3
481 2487 582 2548 quare
606 2472 662 2530 aut
684 2484 859 2548 congressa
881 2464 1051 2548 peribunt,

117 2588 172 2648 aut
192 2583 242 2647 ita
265 2580 488 2666 diffugient-nt
510 2586 701 2665 tempestate
721 2585 836 2644 ooaota

116 2697 254 2762 fulmina
274 2696 431 2780 diffugere
454 2702 551 2779 atque
573 2696 683 2762 imbris
705 2700 883 2776 ventosque
905 2692 1069 2759 videmus.

156 2813 308 2895 Denique
330 2819 479 2896 quattuor
502 2833 542 2878 ex
564 2812 661 2878 rebus
685 2810 711 2876 si
735 2816 849 2875 eunota
872 2815 1021 2874 oreantur

119 2935 213 3012 atque
236 2929 269 2993 in
293 2947 351 2993 eas
373 2949 499 2994 rursum
522 2947 573 2992 res
596 2926 705 2991 omnia
728 2925 969 3002 dissoluuntur,

67 3057 101 3109 rso
119 3046 170 3127 qui
193 3044 299 3129 magis
322 3043 381 3108 illa
403 3049 523 3126 queunt
544 3062 651 3106 rerum
673 3040 850 3126 primordia
876 3038 940 3103 diei

119 3181 212 3243 quam
236 3165 351 3225 eontra
371 3178 424 3224 res
445 3159 574 3224 illorum
597 3163 747 3240 retroque
769 3154 903 3240 putari?

119 3275 250 3341 alternis
272 3275 446 3359 gignuntur
468 3275 553 3340 enim
575 3278 762 3353 mutantque
785 3270 926 3336 colorem

119 3395 271 3456 ettotam
293 3389 376 3453 inter
398 3408 434 3454 se
457 3396 606 3454 naturam
627 3394 771 3471 tempore
795 3385 836 3450 ab
860 3383 967 3450 omni.

73 3512 104 3565 to
121 3503 166 3569 sin
188 3506 235 3572 ita
258 3503 341 3569 sorte
363 3509 459 3589 putas
481 3503 565 3588 ignis
587 3509 754 3584 terraeque
778 3499 864 3565 ooire

122 3639 234 3706 eorpus
258 3624 292 3686 et
314 3621 420 3686 aerias
443 3639 541 3684 auras
563 3637 732 3699 roremque
757 3614 912 3698 liquoris,

124 3803 321 3814 *-

78 3970 83 3977 .
123 3926 165 3974 741
186 3940 282 3976 eeusa.
305 3921 319 3992 ΙΙ
341 3926 391 3973 744
411 3922 507 3986 frugis.
528 3920 543 3990 Η
564 3924 612 3970 747
634 3920 730 3970 facient
750 3899 834 3988 iim
854 3918 915 3981 qui.
936 3913 950 3985 Η
971 3917 1019 3966 752
1039 3926 1154 3977 prorsum
1171 3911 1248 3961 omis·

120 4027 190 4063 run.
211 4009 226 4081 ΙΙ
247 4012 298 4062 753
318 4009 415 4060 accidit
432 4010 492 4061 item
513 4007 526 4082 Η
553 4011 602 4063 755
622 4008 712 4075 utqui.
734 4003 746 4077 Η
773 4007 823 4056 758
841 4005 938 4061 habes.
958 4005 970 4073 ΙΙ
997 4005 1046 4059 759
1065 4013 1142 4055 vene.
1163 3995 1176 4069 t}
1198 4000 1246 4049 767

120 4099 222 4152 Aternia
240 4098 254 4168 ιι
278 4100 425 4149 roo=rea
