2744 4658
580 260 584 265 ’
689 237 717 300 V

182 409 275 473 Nunc
297 425 381 489 quae
404 427 505 472 causa
527 406 622 472 deum
644 427 701 491 per
722 427 858 490 magnas
882 407 1014 472 numina
1035 408 1141 493 gentis

141 521 344 608 pervulgarit
368 527 400 587 et
422 541 548 586 ararum
572 522 780 606 compleverit
801 522 888 588 urbis
1082 523 1084 527 ’

142 637 413 723 suscipiendaque
437 638 554 703 curarit
576 637 748 703 sollemnia
771 657 882 721 sacra,

144 774 229 838 quae
251 753 389 819 nuncin
413 753 541 836 magnis
561 753 676 819 florent
699 773 792 817 sacra
815 753 902 818 rebu’
925 752 1088 834 locisque,

73 891 125 940 165
142 868 231 936 unde
253 869 348 934 etiam
370 889 455 934 nunc
477 875 525 935 est
547 869 735 934 mortalibus
757 868 871 933 insitus
894 869 1025 953 horror,

143 987 200 1068 qui
221 983 358 1050 delubra
380 984 475 1050 deum
499 1005 584 1050 nova
597 991 672 1051 toto
696 985 828 1050 suscitat
851 985 919 1049 orbi

142 1109 298 1168 terrarum
322 1106 354 1167 et
375 1100 466 1166 festis
489 1103 576 1182 cogit
598 1100 761 1166 celebrare
784 1100 918 1185 diebus,

142 1238 209 1283 non
230 1216 278 1284 ita
299 1216 459 1284 difficilest
480 1218 636 1283 rationem
658 1217 794 1283 reddere
815 1217 940 1282 verbis.

142 1333 264 1419 quippe
286 1334 404 1401 etenim
425 1335 490 1399 iam
512 1341 577 1399 tum
601 1333 706 1399 divom
731 1333 880 1397 mortalia
902 1334 1013 1398 saecla

68 1471 127 1520 nvo
143 1450 294 1536 egregias
316 1446 422 1515 animo
447 1448 548 1515 facies
569 1449 724 1532 vigilante
746 1448 918 1533 videbant,

142 1573 176 1633 et
195 1565 301 1647 magis
322 1565 356 1629 in
378 1564 498 1630 somnis
520 1565 667 1630 mirando
691 1565 834 1650 corporis
857 1569 974 1630 auctu.

143 1682 195 1748 his
215 1679 313 1766 igitur
334 1700 462 1746 sensum
485 1681 667 1746 tribuebant
690 1687 861 1765 propterea
885 1679 970 1763 quod

146 1797 289 1863 membra
309 1816 440 1862 movere
461 1797 653 1861 videbantur
674 1814 833 1877 vocesque
856 1796 1014 1879 superbas

150 1911 271 1978 mittere
291 1932 351 1997 pro
373 1911 458 1977 facie
479 1912 648 1996 praeclara
671 1917 702 1976 et
724 1911 846 1975 viribus
870 1910 1008 1994 amplis.

68 2046 136 2095 riva
151 2032 373 2110 aeternamque
396 2027 517 2092 dabant
538 2028 658 2103 vitam,
675 2027 753 2108 qnia
775 2046 902 2111 semper
924 2046 1034 2091 eorum

147 2143 411 2228 subpeditabatur
434 2143 534 2208 facies
557 2148 589 2208 et
610 2142 714 2209 forma
736 2144 908 2227 manebat,

143 2264 176 2324 ct
198 2264 306 2324 tamen
328 2259 456 2324 omnino
481 2261 567 2341 quod
591 2259 688 2324 tantis
710 2259 832 2323 viribus
855 2263 967 2322 auctos

75 2432 85 2455 ,
142 2394 210 2440 non
231 2379 351 2440 temere
374 2374 441 2437 ulla
463 2375 495 2440 vi
519 2375 662 2440 convinci
685 2395 782 2458 posse
804 2375 980 2458 putabant.

142 2488 346 2571 fortunisque
368 2489 441 2555 ideo
462 2489 560 2573 longe
582 2496 747 2572 praestare
769 2490 946 2572 putabant,

68 2623 129 2673 uec
145 2604 234 2688 quod
257 2605 367 2670 mortis
389 2605 483 2668 timor
504 2604 582 2669 baut
604 2624 796 2686 quemquam
818 2611 952 2668 vexaret
973 2624 1102 2686 eorum,

144 2725 178 2786 et
199 2719 296 2785 simul
317 2719 351 2783 in
374 2720 494 2785 somnis
518 2719 592 2802 quia
614 2720 714 2782 multa
736 2724 767 2783 et
789 2719 869 2783 mira
890 2718 1042 2782 videbant

143 2833 273 2900 efficere
296 2840 327 2898 et
347 2836 469 2900 nullum
492 2855 608 2918 capere
630 2835 717 2918 ipsos
740 2835 815 2899 inde
839 2835 1003 2898 laborem.

144 2955 315 3033 praeterea
336 2950 416 3014 caeli
439 2949 579 3014 rationes
602 2948 715 3014 ordine
738 2957 824 3015 certo

146 3069 180 3128 et
201 3063 294 3128 veria
315 3084 468 3129 annorum
493 3065 668 3128 cernebant
690 3071 835 3147 tempora
858 3065 957 3146 verti,

68 3197 131 3246 uua
149 3197 209 3242 nec
230 3184 382 3262 poterant
404 3179 518 3261 quibus
541 3177 575 3241 id
598 3177 689 3242 fieret
712 3198 907 3258 cognoscere
930 3179 1056 3243 causis:

146 3311 225 3375 ergo
248 3293 425 3376 perfugium
450 3294 510 3358 sibi
535 3292 697 3357 habebant
719 3293 827 3356 omnia
850 3292 932 3356 divis

145 3407 273 3474 tradere
296 3414 328 3474 et
349 3409 477 3472 illorum
500 3417 579 3471 nutu
601 3407 709 3471 facere
733 3409 839 3471 omnia
859 3408 964 3473 flecti.

147 3523 182 3586 in
204 3524 358 3605 caeloque
382 3524 477 3588 deum
501 3522 596 3588 sedes
620 3529 651 3587 ct
673 3522 792 3604 templa
814 3524 978 3606 locarunt,

147 3656 208 3722 per
229 3640 351 3704 caelum
374 3639 459 3703 volvi
482 3638 558 3719 quia
580 3638 636 3701 lnu
659 3644 690 3702 et
712 3637 789 3700 luna
811 3637 954 3721 videtur,

68 3771 132 3821 ‚19⁰
148 3751 248 3837 lune,
266 3753 355 3831 dies,
372 3760 403 3818 et
424 3774 509 3836 non,
526 3760 558 3817 et
580 3753 681 3818 noctis
705 3755 798 3835 signa
820 3772 957 3835 serena,

147 3867 402 3951 noctivagaeque
424 3867 514 3934 faces
537 3867 638 3945 caeli,
655 3866 864 3949 flammaeque
887 3868 1055 3946 volantes,

155 4146 222 4193 1172
236 4152 352 4209 proptera
373 4139 387 4212 Η
409 4146 475 4192 1178
489 4143 534 4192 illa
555 4145 568 4212 Η
590 4144 752 4193 1184variaa
772 4142 784 4210 Η
807 4144 874 4191 1185
888 4144 976 4191 fierent
994 4139 1008 4210 Η
1030 4144 1095 4192 1189
1109 4159 1162 4192 nox
1180 4141 1192 4212 Η
1209 4147 1276 4194 1190

153 4231 268 4282 enectis
290 4229 302 4302 Η
323 4246 426 4283 severa.

1024 4272 1046 4319 ο

1011 4326 1075 4397 13*
