2744 4658
657 227 686 290 V

108 405 143 463 at
163 417 288 482 neque,
304 398 348 463 uti
372 397 486 477 dosui,
503 396 606 463 solido
630 418 699 463 oum
724 417 857 482 0010013
880 397 988 461 mundi

21 535 80 584 365
108 518 273 599 naturast,
290 513 442 596 quoniam
464 513 671 577 admixtumst
691 513 724 576 in
746 513 842 578 rebus
864 513 979 598 inane,

109 649 169 695 nee
190 634 299 694 tamen
321 632 370 693 est
392 631 427 691 ut
448 628 565 712 inane,
581 647 687 710 neque
711 633 816 692 autem
839 648 973 713 corpora
995 629 1129 707 desunt,

109 763 150 810 ex
172 741 295 807 infinito
318 760 401 823 quae
421 743 545 827 possint
566 743 646 808 sorte
668 748 777 808 ooorts

108 874 258 924 00110313
279 855 364 921 hane
384 876 488 921 rerum
510 857 652 923 violento
675 856 798 921 turbine
821 877 976 922 summam

109 980 163 1038 aut
185 972 281 1036 aliam
304 971 448 1053 quamvis
471 971 594 1037 cladem
618 974 780 1055 inportare
802 972 934 1057 periali,

24 1109 82 1156 310
112 1105 173 1153 030
193 1106 289 1170 porro
312 1093 428 1151 natura
449 1085 512 1151 loci
535 1087 735 1170 spatiumque
756 1085 904 1170 profundi

109 1201 236 1279 defieit,
252 1200 402 1284 exspargi
425 1220 487 1283 quo
510 1201 635 1284 possint
657 1201 785 1266 moenia
806 1200 936 1279 mundi,

110 1314 254 1380 aut'alia
275 1315 388 1397 quavis
410 1320 544 1399 possunt
565 1315 597 1379 vi
619 1316 713 1399 pulsa
735 1315 860 1399 perire.

108 1429 186 1494 haut
206 1428 303 1512 igitur
324 1428 378 1494 leti
401 1429 571 1514 praeclusa
593 1436 641 1493 est
661 1431 760 1495 ianua
782 1430 871 1495 eaelo

110 1564 170 1609 neo
194 1543 255 1609 soli
276 1549 447 1626 terraeque
470 1563 574 1625 neque
597 1545 669 1610 altis
691 1545 841 1628 aequoris
863 1545 978 1622 undis,

36 1680 89 1728 315
112 1658 171 1726 sed
193 1663 281 1742 patet
302 1657 433 1723 immani
457 1663 489 1723 et
510 1663 600 1723 33310
623 1665 781 1744 respectat
802 1660 911 1724 hiatu.

111 1793 210 1857 quare
233 1772 329 1838 etiam
352 1773 461 1837 nativa
483 1779 681 1838 necessumst
701 1774 872 1839 0001113313

110 1888 189 1954 liaeo
212 1886 348 1953 eadem:
366 1905 469 1968 neque
491 1887 596 1963 euim,
613 1886 741 1950 mortali
765 1906 896 1970 corpore
920 1905 1004 1968 quae
1026 1892 1119 1969 sunt,

112 2020 151 2068 ex
171 2000 294 2066 infinito
317 2001 381 2065 iam
405 2005 547 2084 tempore
569 1999 675 2066 adhue
696 2001 877 2085 potuissent

109 2116 245 2181 inmensi
267 2115 394 2181 validas
417 2116 488 2181 3331
512 2122 712 2182 contemnere
733 2117 836 2181 vires.

32 2254 86 2302 330
153 2229 302 2314 Denique
324 2235 489 2314 tantopere
510 2231 593 2296 inter
615 2252 651 2297 se
674 2252 745 2297 oum
768 2226 907 2297 maxima
929 2231 1038 2296 mundi

107 2352 252 2433 pugnent
272 2345 437 2423 membra,
453 2345 507 2429 pio
529 2366 733 2429 nequaquam
755 2347 879 2412 0000113
901 2347 1006 2431 bello,

107 2479 215 2526 nonne
236 2460 327 2525 vides
349 2459 488 2542 aliquam
511 2458 599 2545 longi
623 2438 804 2527 certaminis
827 2462 901 2528 01113

107 2596 207 2663 posse
230 2575 301 2642 dari
320 2577 435 2659 finem,
451 2574 503 2639 vel
525 2594 595 2640 oum
619 2573 668 2639 sol
690 2582 721 2640 et
743 2597 842 2659 vapor
865 2578 967 2643 omnis

109 2689 257 2757 omnibus
281 2691 385 2776 epotis
408 2690 572 2755 umoribus
595 2690 844 2775 exsuperarint?

31 2829 84 2878 335
110 2805 199 2890 quod
221 2804 328 2871 faeere
349 2792 536 2891 intendunt,
552 2826 658 2889 neque
681 2805 786 2871 adhue
809 2812 926 2871 oonata
946 2810 1131 2891 patrantur:

108 2927 231 2986 tantum
254 2920 462 3005 suppeditant
484 2942 595 2988 amnes
618 2921 766 3005 ultraque
789 2921 950 2986 minantur

110 3034 221 3102 omnia
243 3034 401 3099 diluviare
425 3056 464 3100 ex
487 3036 552 3100 3110
574 3037 702 3118 gurgite
724 3037 846 3130 ponti,¹

107 3169 150 3216 ne
173 3149 346 3235 quiquam,
364 3151 513 3233 quoniam
536 3157 702 3217 verrentes
725 3170 865 3232 aequora
886 3152 972 3217 venti

108 3265 298 3331 deminuunt
320 3265 483 3346 radiisque
504 3272 652 3332 retexens
675 3265 835 3331 aetherius
858 3266 927 3350 sol,

31 3403 84 3450 seo
112 3386 144 3445 et
166 3380 288 3446 3100313
310 3379 397 3462 prius
420 3380 581 3445 confidunt
603 3383 711 3446 omnia
733 3399 830 3465 posse
912 3437 925 3448 ,s

110 3514 205 3577 quam
228 3494 334 3576 liquor
355 3495 471 3579 iueepti
493 3496 596 3579 possit
618 3498 801 3582 contingere
824 3496 939 3561 finem.

109 3614 231 3674 tantum
255 3608 412 3694 spirantes
435 3630 540 3695 aequo
564 3611 736 3676 0311301103
759 3610 878 3675 bellum

110 3724 236 3807 magnis
258 3724 341 3790 inter
362 3742 400 3791 se·
419 3725 459 3790 de
481 3726 577 3791 rebus
600 3744 732 3791 eernere
755 3730 895 3801 certant,

110 3858 182 3905 eum
205 3841 305 3906 semel
326 3840 450 3907 interea
470 3839 567 3906 fuerit
588 3841 790 3924 superantior
811 3839 896 3922 iguis

112 4119 162 4168 367
188 4127 309 4183 copertus.
338 4114 351 4188 Η
385 4121 435 4171 373
461 4135 474 4171 3
506 4115 520 4187 ΙΙ
552 4120 601 4169 377
631 4120 745 4170 mortalis
778 4114 792 4185 ΙΙ
824 4117 873 4166 382
902 4115 966 4167 0113.
997 4112 1011 4183 Η
1043 4116 1093 4165 393
1121 4112 1187 4164 10131
1209 4129 1235 4164 33

112 4221 227 4259 maura.
