2744 4658
160 223 220 290 168
614 285 617 290 .
703 217 731 280 V

159 409 256 472 quare
278 388 373 453 etiam
398 387 558 470 quaedam
581 408 665 452 nunc
687 393 773 452 artes
796 387 1018 472 expoliuntur,

136 484 241 569 ¹nuno
263 503 358 568 etiam
382 509 579 587 augescunt:
596 522 680 567 nunc
703 501 815 567 addita
838 500 976 586 navigiis
999 507 1073 567 suut

158 619 278 703 multa,
294 617 390 682 modo
415 616 558 698 organici
579 617 712 682 melicos
733 635 888 701 peperere
911 636 1065 695 sonores,

84 754 134 802 335
160 734 297 815 denique
318 737 432 795 natura
455 730 534 796 haec
558 752 662 797 rerum
685 732 829 814 ratioque
852 736 1010 816 repertast

158 867 279 931 nuper,
297 852 329 910 et
349 845 434 911 haue
455 845 576 929 primus
600 866 670 911 cum
692 845 803 929 primis
826 847 895 930 ipse
917 852 1063 930 repertus

158 981 241 1025 nunc
264 980 324 1044 ego
347 981 417 1025 sum
438 961 470 1024 in
493 959 616 1043 patrias
638 960 690 1042 qui
715 959 834 1043 possim
856 966 979 1026 vertere
1001 980 1117 1028 voees.

160 1074 247 1157 quod
269 1076 296 1139 si
318 1073 399 1138 forte
422 1075 521 1139 fuisse
545 1079 618 1140 ante
640 1074 701 1140 hac
725 1074 838 1140 eadem
860 1077 969 1140 'omnia
991 1075 1115 1156 eredis,

159 1189 215 1256 sed
239 1190 372 1273 periisse
395 1188 557 1254 hominum
580 1189 712 1254 torrenti
735 1189 843 1255 saecla
865 1210 1007 1276 vapore,

85 1326 135 1374 340
162 1310 218 1370 aut
239 1303 393 1369 cecidisse
415 1302 502 1368 urbis
525 1324 642 1388 magno
665 1304 832 1368 vexamine
855 1304 985 1390 mundi,

159 1425 215 1485 aut
237 1439 277 1483 ex
300 1417 453 1482 imbribus
476 1417 620 1512 adsiduis
643 1419 748 1484 exisse
770 1437 908 1503 rapaces

158 1554 216 1619 per
237 1539 341 1598 terras
363 1552 474 1596 amnes
497 1540 593 1614 atque
617 1533 737 1615 oppida
759 1535 986 1618 cooperuisse,

158 1653 249 1712 tanto
273 1647 391 1729 quique
414 1647 518 1730 magis
540 1647 641 1711 victus
665 1646 788 1713 fateare
812 1656 974 1715 necessest

159 1762 288 1828 exitium
312 1781 439 1843 quoque
462 1768 616 1826 terrarum
639 1762 786 1844 caelique
808 1762 968 1828 futurum:

85 1898 134 1946 345
161 1897 237 1941 narn
260 1896 330 1941 curn
354 1896 405 1941 res
427 1878 525 1941 tantis
547 1877 667 1942 morbis
689 1879 851 1959 tantisque
873 1879 1001 1962 periclis

158 1996 406 2076 temptarentur‚
422 1991 468 2055 ibi
491 1991 518 2056 si
541 1991 660 2056 tristior
682 1992 879 2058 incubuisset

161 2127 279 2190 causa,
296 2105 411 2171 darent
432 2107 499 2171 late
523 2106 648 2170 cladem
667 2102 870 2188 magnasque
893 2110 1022 2176 ruinas.

160 2242 218 2287 nec
241 2220 362 2285 ratione
386 2220 450 2284 alia
474 2221 624 2285 mortales
647 2240 717 2286 esse
740 2221 904 2308 videmur,

159 2336 320 2400 internos
342 2334 403 2400 nisi
427 2336 511 2416 quod
532 2335 652 2400 morbis
675 2337 894 2418 aegrescimus
916 2339 1003 2404 idem

85 2473 135 2521 350
162 2458 258 2533 atque
279 2450 326 2516 illi
347 2472 428 2535 quos
450 2474 470 2517 a
491 2452 558 2516 vita
582 2457 695 2526 natura
716 2452 871 2518 removit.

198 2568 369 2634 Praeterea
392 2588 476 2651 quae
499 2587 634 2651 cumque
657 2574 786 2640 manent
808 2574 939 2634 aeterna
960 2580 1128 2639 necessust

159 2688 234 2762 aut,
251 2684 327 2767 quia
348 2691 422 2750 sunt
445 2683 549 2750 solido
572 2703 643 2748 curn
667 2702 820 2767 corpore,
836 2703 988 2767 respuere
1009 2686 1090 2752 ictus

160 2818 221 2873 uec
243 2806 410 2884 penetrare
433 2801 499 2885 pati
521 2799 581 2864 sibi
605 2799 774 2880 quicquam
799 2799 884 2880 quod
908 2807 1005 2882 queat
1026 2807 1113 2868 artas

160 2914 335 2980 dissociare
357 2915 442 2978 intus
464 2914 585 2999 partis,
602 2918 636 2977 ut
658 2913 803 2977 materiai

87 3049 136 3098 355
163 3049 297 3113 corpora
320 3035 412 3106 sunt,
430 3049 563 3111 quorum
585 3033 730 3092 naturam
755 3029 952 3153 ostendi·
973 3038 1068 3112 ante,

158 3149 214 3208 aut
235 3142 308 3208 ideo
333 3142 450 3209 durare
473 3150 614 3209 aetatem
635 3162 732 3227 posse
753 3164 811 3228 per
834 3163 980 3229 omnem,

159 3258 328 3343 plagarum
352 3260 428 3342 quia
450 3264 523 3324 sunt
546 3259 711 3343 expertia,
727 3258 808 3323 sicut
827 3258 925 3323 inane
948 3268 1017 3345 est,

160 3373 247 3455 quod
268 3380 376 3439 manet
397 3374 551 3439 intactum
572 3393 676 3456 neque
700 3374 742 3438 ab
764 3375 828 3438 ictu
850 3375 992 3456 fungitur
1015 3376 1135 3456 hilum,
1192 3365 1196 3373 ’

163 3494 218 3552 aut
241 3489 335 3554 etiam
359 3488 435 3571 quia
457 3488 547 3554 nulla
569 3489 630 3553 loci
652 3489 687 3553 fit
709 3490 802 3573 copia
824 3487 961 3574 circum,

86 3625 137 3673 330
161 3609 223 3687 quo
246 3604 336 3686 quasi
357 3623 409 3669 res
431 3603 555 3689 possint
577 3603 743 3669 discedere
767 3604 984 3689 dissoluique,

160 3718 241 3784 sicut
262 3738 456 3784 summarum
479 3739 604 3784 summa
627 3724 675 3784 est
697 3725 848 3803 aeterna,
865 3739 968 3801 neque
991 3727 1083 3787 extra

161 3834 213 3915 qui
236 3834 325 3900 locus
349 3840 396 3899 est
419 3855 481 3917 quo
505 3834 686 3913 dissiliant,
702 3854 806 3917 neque
828 3854 964 3919 corpora
987 3842 1062 3901 sunt
1083 3857 1167 3920 quae

159 3949 284 4034 possint
304 3949 446 4016 incidere
469 3954 500 4014 et
522 3948 631 4015 valida
653 3949 827 4016 dissolvere
848 3949 968 4038 plaga.

163 4194 213 4246 333
232 4195 325 4261 perisse
346 4192 358 4262 Η
380 4196 430 4246 343
450 4203 477 4247 at
497 4189 510 4261 Η
530 4196 579 4245 359
598 4195 632 4248 sit
