<?xml version="1.0" encoding="UTF-8"?>
<!DOCTYPE html PUBLIC "-//W3C//DTD XHTML 1.0 Transitional//EN"
    "http://www.w3.org/TR/xhtml1/DTD/xhtml1-transitional.dtd">
<html xmlns="http://www.w3.org/1999/xhtml" xml:lang="en" lang="en">
 <head>
  <title>
</title>
<meta http-equiv="Content-Type" content="text/html;charset=utf-8" />
  <meta name='ocr-system' content='tesseract 3.04.00' />
  <meta name='ocr-capabilities' content='ocr_page ocr_carea ocr_par ocr_line ocrx_word'/>
</head>
<body>
  <div class='ocr_page' id='page_1' title='image "./tlucreticarider15carugoog_0033.png"; bbox 0 0 2744 4658; ppageno 0'>
   <div class='ocr_carea' id='block_1_1' title="bbox 197 262 768 333">
    <p class='ocr_par' dir='ltr' id='par_1_1' title="bbox 197 262 768 333">
     <span class='ocr_line' id='line_1_1' title="bbox 197 262 768 333; baseline -0.014 -1"><span class='ocrx_word' id='word_1_1' title='bbox 197 267 238 333; x_wconf 81' lang='lat'><strong>28</strong></span> <span class='ocrx_word' id='word_1_2' title='bbox 753 262 768 324; x_wconf 88' lang='grc' dir='ltr'>Ι</span> 
     </span>
    </p>
   </div>
   <div class='ocr_carea' id='block_1_2' title="bbox 126 434 1193 3856">
    <p class='ocr_par' dir='ltr' id='par_1_2' title="bbox 126 434 1193 3856">
     <span class='ocr_line' id='line_1_2' title="bbox 197 434 956 510; baseline -0.005 -11"><span class='ocrx_word' id='word_1_3' title='bbox 197 435 243 499; x_wconf 91' lang='lat' dir='ltr'><strong>nil</strong></span> <span class='ocrx_word' id='word_1_4' title='bbox 266 435 297 498; x_wconf 92' lang='lat' dir='ltr'><strong>in</strong></span> <span class='ocrx_word' id='word_1_5' title='bbox 321 434 457 499; x_wconf 89' lang='lat' dir='ltr'><strong>concilio</strong></span> <span class='ocrx_word' id='word_1_6' title='bbox 480 439 624 498; x_wconf 89' lang='lat' dir='ltr'><strong>naturam</strong></span> <span class='ocrx_word' id='word_1_7' title='bbox 651 440 684 498; x_wconf 94' lang='lat' dir='ltr'><strong>ut</strong></span> <span class='ocrx_word' id='word_1_8' title='bbox 707 438 805 498; x_wconf 91' lang='lat' dir='ltr'><strong>mutet</strong></span> <span class='ocrx_word' id='word_1_9' title='bbox 827 453 956 510; x_wconf 89' lang='lat' dir='ltr'><strong>eorum,</strong></span> 
     </span>
     <span class='ocr_line' id='line_1_3' title="bbox 197 549 979 633; baseline -0.004 -19"><span class='ocrx_word' id='word_1_10' title='bbox 197 550 289 614; x_wconf 89' lang='lat' dir='ltr'><strong>nulla</strong></span> <span class='ocrx_word' id='word_1_11' title='bbox 310 549 367 615; x_wconf 91' lang='lat' dir='ltr'><strong>tibi</strong></span> <span class='ocrx_word' id='word_1_12' title='bbox 391 570 430 614; x_wconf 88' lang='lat' dir='ltr'><strong>ex</strong></span> <span class='ocrx_word' id='word_1_13' title='bbox 453 549 518 613; x_wconf 93' lang='lat' dir='ltr'><strong>illis</strong></span> <span class='ocrx_word' id='word_1_14' title='bbox 539 550 656 633; x_wconf 89' lang='lat' dir='ltr'><strong>poterit</strong></span> <span class='ocrx_word' id='word_1_15' title='bbox 680 568 733 614; x_wconf 90' lang='lat' dir='ltr'><strong>res</strong></span> <span class='ocrx_word' id='word_1_16' title='bbox 756 568 829 613; x_wconf 87' lang='lat' dir='ltr'><strong>esse</strong></span> <span class='ocrx_word' id='word_1_17' title='bbox 851 552 979 623; x_wconf 85' lang='lat' dir='ltr'><strong>creata,</strong></span> 
     </span>
     <span class='ocr_line' id='line_1_4' title="bbox 198 662 1178 748; baseline -0.003 -20"><span class='ocrx_word' id='word_1_18' title='bbox 198 686 262 729; x_wconf 91' lang='lat' dir='ltr'><strong>non</strong></span> <span class='ocrx_word' id='word_1_19' title='bbox 285 665 452 748; x_wconf 90' lang='lat' dir='ltr'><strong>animans,</strong></span> <span class='ocrx_word' id='word_1_20' title='bbox 475 684 538 729; x_wconf 93' lang='lat' dir='ltr'><strong>non</strong></span> <span class='ocrx_word' id='word_1_21' title='bbox 562 664 708 729; x_wconf 84' lang='lat' dir='ltr'><strong>exanimo</strong></span> <span class='ocrx_word' id='word_1_22' title='bbox 731 685 803 730; x_wconf 91' lang='lat' dir='ltr'><strong>cum</strong></span> <span class='ocrx_word' id='word_1_23' title='bbox 826 681 980 747; x_wconf 90' lang='lat' dir='ltr'><strong>corpore,</strong></span> <span class='ocrx_word' id='word_1_24' title='bbox 1004 668 1038 726; x_wconf 90' lang='lat' dir='ltr'><strong>ut</strong></span> <span class='ocrx_word' id='word_1_25' title='bbox 1060 662 1178 727; x_wconf 87' lang='lat' dir='ltr'><strong>arbos:</strong></span> 
     </span>
     <span class='ocr_line' id='line_1_5' title="bbox 126 777 1071 864; baseline -0.005 -18"><span class='ocrx_word' id='word_1_26' title='bbox 126 801 175 848; x_wconf 78' lang='lat' dir='ltr'><strong>ms</strong></span> <span class='ocrx_word' id='word_1_27' title='bbox 202 780 320 864; x_wconf 89' lang='lat' dir='ltr'>quippe</span> <span class='ocrx_word' id='word_1_28' title='bbox 343 799 432 844; x_wconf 91' lang='lat' dir='ltr'><strong>suam</strong></span> <span class='ocrx_word' id='word_1_29' title='bbox 458 779 594 861; x_wconf 90' lang='lat' dir='ltr'><strong>quicque</strong></span> <span class='ocrx_word' id='word_1_30' title='bbox 616 779 650 841; x_wconf 92' lang='lat' dir='ltr'><strong>in</strong></span> <span class='ocrx_word' id='word_1_31' title='bbox 673 784 764 843; x_wconf 87' lang='lat' dir='ltr'><strong>coetu</strong></span> <span class='ocrx_word' id='word_1_32' title='bbox 788 778 942 843; x_wconf 87' lang='lat' dir='ltr'><strong>variantis</strong></span> <span class='ocrx_word' id='word_1_33' title='bbox 965 777 1071 842; x_wconf 88' lang='lat' dir='ltr'><strong>acervi</strong></span> 
     </span>
     <span class='ocr_line' id='line_1_6' title="bbox 200 893 1000 975; baseline -0.005 -17"><span class='ocrx_word' id='word_1_34' title='bbox 200 901 345 958; x_wconf 88' lang='lat' dir='ltr'><strong>naturam</strong></span> <span class='ocrx_word' id='word_1_35' title='bbox 368 894 535 970; x_wconf 88' lang='lat' dir='ltr'><strong>ostendet,</strong></span> <span class='ocrx_word' id='word_1_36' title='bbox 558 895 739 975; x_wconf 90' lang='lat' dir='ltr'><strong>mixtusque</strong></span> <span class='ocrx_word' id='word_1_37' title='bbox 761 893 920 958; x_wconf 91' lang='lat' dir='ltr'><strong>videbitur</strong></span> <span class='ocrx_word' id='word_1_38' title='bbox 946 899 1000 957; x_wconf 79' lang='lat' dir='ltr'><strong>ae‘r</strong></span> 
     </span>
     <span class='ocr_line' id='line_1_7' title="bbox 200 1007 1090 1089; baseline -0.004 -15"><span class='ocrx_word' id='word_1_39' title='bbox 200 1029 271 1074; x_wconf 89' lang='lat' dir='ltr'><strong>cum</strong></span> <span class='ocrx_word' id='word_1_40' title='bbox 293 1015 377 1074; x_wconf 90' lang='lat' dir='ltr'><strong>terra</strong></span> <span class='ocrx_word' id='word_1_41' title='bbox 399 1009 492 1075; x_wconf 91' lang='lat' dir='ltr'><strong>simul</strong></span> <span class='ocrx_word' id='word_1_42' title='bbox 517 1014 614 1089; x_wconf 88' lang='lat' dir='ltr'><strong>atque</strong></span> <span class='ocrx_word' id='word_1_43' title='bbox 636 1007 732 1071; x_wconf 85' lang='lat' dir='ltr'><strong>ardor</strong></span> <span class='ocrx_word' id='word_1_44' title='bbox 754 1028 824 1072; x_wconf 91' lang='lat' dir='ltr'><strong>oum</strong></span> <span class='ocrx_word' id='word_1_45' title='bbox 847 1028 919 1072; x_wconf 89' lang='lat' dir='ltr'><strong>rore</strong></span> <span class='ocrx_word' id='word_1_46' title='bbox 941 1025 1090 1072; x_wconf 89' lang='lat' dir='ltr'><strong>manere.</strong></span> 
     </span>
     <span class='ocr_line' id='line_1_8' title="bbox 199 1121 976 1208; baseline -0.001 -21"><span class='ocrx_word' id='word_1_47' title='bbox 199 1131 233 1187; x_wconf 90' lang='lat' dir='ltr'><strong>at</strong></span> <span class='ocrx_word' id='word_1_48' title='bbox 254 1123 428 1208; x_wconf 89' lang='lat' dir='ltr'><strong>primordia</strong></span> <span class='ocrx_word' id='word_1_49' title='bbox 450 1121 625 1208; x_wconf 82' lang='lat' dir='ltr'>gignundis</span> <span class='ocrx_word' id='word_1_50' title='bbox 647 1123 678 1186; x_wconf 90' lang='lat' dir='ltr'><strong>in</strong></span> <span class='ocrx_word' id='word_1_51' title='bbox 701 1123 789 1188; x_wconf 89' lang='lat' dir='ltr'><strong>rebu’</strong></span> <span class='ocrx_word' id='word_1_52' title='bbox 811 1129 976 1186; x_wconf 81' lang='lat' dir='ltr'><strong>necessest</strong></span> 
     </span>
     <span class='ocr_line' id='line_1_9' title="bbox 200 1237 1011 1320; baseline -0.001 -19"><span class='ocrx_word' id='word_1_53' title='bbox 200 1243 345 1302; x_wconf 89' lang='lat' dir='ltr'><strong>naturam</strong></span> <span class='ocrx_word' id='word_1_54' title='bbox 369 1237 597 1303; x_wconf 80' lang='lat' dir='ltr'><strong>clandestinam</strong></span> <span class='ocrx_word' id='word_1_55' title='bbox 620 1257 813 1319; x_wconf 88' lang='lat' dir='ltr'><strong>caecamque</strong></span> <span class='ocrx_word' id='word_1_56' title='bbox 836 1237 1011 1320; x_wconf 80' lang='lat' dir='ltr'><strong>adhibere3</strong></span> 
     </span>
     <span class='ocr_line' id='line_1_10' title="bbox 127 1351 1066 1436; baseline -0.005 -18"><span class='ocrx_word' id='word_1_57' title='bbox 127 1374 176 1418; x_wconf 79' lang='lat' dir='ltr'><strong>rso</strong></span> <span class='ocrx_word' id='word_1_58' title='bbox 202 1353 342 1418; x_wconf 87' lang='lat' dir='ltr'><strong>emineat</strong></span> <span class='ocrx_word' id='word_1_59' title='bbox 363 1351 501 1434; x_wconf 87' lang='lat' dir='ltr'><strong>nequid,</strong></span> <span class='ocrx_word' id='word_1_60' title='bbox 526 1354 612 1434; x_wconf 91' lang='lat' dir='ltr'><strong>quod</strong></span> <span class='ocrx_word' id='word_1_61' title='bbox 635 1359 744 1417; x_wconf 89' lang='lat' dir='ltr'><strong>contra</strong></span> <span class='ocrx_word' id='word_1_62' title='bbox 765 1359 886 1436; x_wconf 82' lang='lat' dir='ltr'><strong>pugnet</strong></span> <span class='ocrx_word' id='word_1_63' title='bbox 909 1357 940 1416; x_wconf 90' lang='lat' dir='ltr'><strong>et</strong></span> <span class='ocrx_word' id='word_1_64' title='bbox 963 1351 1066 1414; x_wconf 84' lang='lat' dir='ltr'><strong>obstet</strong></span> 
     </span>
     <span class='ocr_line' id='line_1_11' title="bbox 202 1467 1193 1551; baseline -0.001 -21"><span class='ocrx_word' id='word_1_65' title='bbox 202 1487 264 1549; x_wconf 94' lang='lat' dir='ltr'><strong>quo</strong></span> <span class='ocrx_word' id='word_1_66' title='bbox 287 1468 391 1532; x_wconf 90' lang='lat' dir='ltr'><strong>minus</strong></span> <span class='ocrx_word' id='word_1_67' title='bbox 414 1487 486 1532; x_wconf 88' lang='lat' dir='ltr'><strong>esse</strong></span> <span class='ocrx_word' id='word_1_68' title='bbox 509 1473 606 1549; x_wconf 85' lang='lat' dir='ltr'><strong>queat</strong></span> <span class='ocrx_word' id='word_1_69' title='bbox 628 1468 757 1551; x_wconf 82' lang='lat' dir='ltr'><strong>proprie</strong></span> <span class='ocrx_word' id='word_1_70' title='bbox 780 1467 865 1549; x_wconf 93' lang='lat' dir='ltr'><strong>quod</strong></span> <span class='ocrx_word' id='word_1_71' title='bbox 889 1486 1025 1548; x_wconf 91' lang='lat' dir='ltr'><strong>cumque</strong></span> <span class='ocrx_word' id='word_1_72' title='bbox 1049 1472 1193 1530; x_wconf 84' lang='lat' dir='ltr'><strong>creatur.</strong></span> 
     </span>
     <span class='ocr_line' id='line_1_12' title="bbox 245 1581 1157 1665; baseline 0.002 -21"><span class='ocrx_word' id='word_1_73' title='bbox 245 1581 329 1657; x_wconf 81' lang='lat' dir='ltr'><strong>Quin</strong></span> <span class='ocrx_word' id='word_1_74' title='bbox 352 1581 449 1646; x_wconf 88' lang='lat' dir='ltr'><strong>etiam</strong></span> <span class='ocrx_word' id='word_1_75' title='bbox 472 1586 621 1665; x_wconf 86' lang='lat' dir='ltr'><strong>repetunt</strong></span> <span class='ocrx_word' id='word_1_76' title='bbox 643 1602 663 1645; x_wconf 92' lang='lat' dir='ltr'><strong>a</strong></span> <span class='ocrx_word' id='word_1_77' title='bbox 685 1581 774 1646; x_wconf 85' lang='lat' dir='ltr'><strong>eaelo</strong></span> <span class='ocrx_word' id='word_1_78' title='bbox 798 1589 894 1663; x_wconf 90' lang='lat' dir='ltr'><strong>atque</strong></span> <span class='ocrx_word' id='word_1_79' title='bbox 917 1582 1046 1663; x_wconf 85' lang='lat' dir='ltr'><strong>ignibus</strong></span> <span class='ocrx_word' id='word_1_80' title='bbox 1069 1581 1157 1658; x_wconf 86' lang='lat' dir='ltr'><strong>eius,</strong></span> 
     </span>
     <span class='ocr_line' id='line_1_13' title="bbox 201 1695 1042 1780; baseline 0.001 -20"><span class='ocrx_word' id='word_1_81' title='bbox 201 1700 233 1761; x_wconf 92' lang='lat' dir='ltr'><strong>et</strong></span> <span class='ocrx_word' id='word_1_82' title='bbox 254 1695 391 1780; x_wconf 90' lang='lat' dir='ltr'><strong>primum</strong></span> <span class='ocrx_word' id='word_1_83' title='bbox 414 1695 534 1761; x_wconf 83' lang='lat' dir='ltr'><strong>iaciunt</strong></span> <span class='ocrx_word' id='word_1_84' title='bbox 556 1695 663 1776; x_wconf 89' lang='lat' dir='ltr'><strong>ignem</strong></span> <span class='ocrx_word' id='word_1_85' title='bbox 686 1716 722 1761; x_wconf 93' lang='lat' dir='ltr'><strong>se</strong></span> <span class='ocrx_word' id='word_1_86' title='bbox 744 1702 868 1761; x_wconf 89' lang='lat' dir='ltr'><strong>vertere</strong></span> <span class='ocrx_word' id='word_1_87' title='bbox 891 1698 922 1759; x_wconf 91' lang='lat' dir='ltr'><strong>in</strong></span> <span class='ocrx_word' id='word_1_88' title='bbox 946 1717 1042 1761; x_wconf 89' lang='lat' dir='ltr'><strong>auras</strong></span> 
     </span>
     <span class='ocr_line' id='line_1_14' title="bbox 202 1811 1018 1895; baseline -0.001 -19"><span class='ocrx_word' id='word_1_89' title='bbox 202 1811 304 1895; x_wconf 82' lang='lat' dir='ltr'><strong>ae‘ris,</strong></span> <span class='ocrx_word' id='word_1_90' title='bbox 328 1811 401 1875; x_wconf 88' lang='lat' dir='ltr'><strong>hino</strong></span> <span class='ocrx_word' id='word_1_91' title='bbox 424 1811 557 1876; x_wconf 82' lang='lat' dir='ltr'><strong>imbrem</strong></span> <span class='ocrx_word' id='word_1_92' title='bbox 580 1811 690 1893; x_wconf 85' lang='lat' dir='ltr'><strong>gigni,</strong></span> <span class='ocrx_word' id='word_1_93' title='bbox 714 1818 894 1894; x_wconf 90' lang='lat' dir='ltr'><strong>terramque</strong></span> <span class='ocrx_word' id='word_1_94' title='bbox 917 1813 1018 1877; x_wconf 88' lang='lat' dir='ltr'><strong>creari</strong></span> 
     </span>
     <span class='ocr_line' id='line_1_15' title="bbox 128 1927 991 2009; baseline -0.003 -16"><span class='ocrx_word' id='word_1_95' title='bbox 128 1949 176 1996; x_wconf 73' lang='lat' dir='ltr'><strong>rsa</strong></span> <span class='ocrx_word' id='word_1_96' title='bbox 203 1948 242 1992; x_wconf 85' lang='lat' dir='ltr'><strong>ex</strong></span> <span class='ocrx_word' id='word_1_97' title='bbox 264 1927 377 2004; x_wconf 92' lang='lat' dir='ltr'><strong>imbri,</strong></span> <span class='ocrx_word' id='word_1_98' title='bbox 400 1931 551 2009; x_wconf 91' lang='lat' dir='ltr'><strong>retroque</strong></span> <span class='ocrx_word' id='word_1_99' title='bbox 574 1934 700 1992; x_wconf 84' lang='lat' dir='ltr'><strong>eterra</strong></span> <span class='ocrx_word' id='word_1_100' title='bbox 722 1933 836 1992; x_wconf 87' lang='lat' dir='ltr'><strong>cuncta</strong></span> <span class='ocrx_word' id='word_1_101' title='bbox 858 1929 991 2004; x_wconf 85' lang='lat' dir='ltr'><strong>reverti,</strong></span> 
     </span>
     <span class='ocr_line' id='line_1_16' title="bbox 201 2042 1062 2126; baseline -0.001 -20"><span class='ocrx_word' id='word_1_102' title='bbox 201 2062 343 2107; x_wconf 90' lang='lat' dir='ltr'><strong>umorem</strong></span> <span class='ocrx_word' id='word_1_103' title='bbox 367 2043 524 2126; x_wconf 92' lang='lat' dir='ltr'><strong>primum,</strong></span> <span class='ocrx_word' id='word_1_104' title='bbox 547 2047 619 2125; x_wconf 91' lang='lat' dir='ltr'><strong>post</strong></span> <span class='ocrx_word' id='word_1_105' title='bbox 642 2048 738 2124; x_wconf 73' lang='lat' dir='ltr'><strong>aera,</strong></span> <span class='ocrx_word' id='word_1_106' title='bbox 762 2042 878 2107; x_wconf 89' lang='lat' dir='ltr'><strong>deinde</strong></span> <span class='ocrx_word' id='word_1_107' title='bbox 902 2043 1062 2124; x_wconf 87' lang='lat' dir='ltr'><strong>calorem,</strong></span> 
     </span>
     <span class='ocr_line' id='line_1_17' title="bbox 203 2156 969 2233; baseline 0.001 -13"><span class='ocrx_word' id='word_1_108' title='bbox 203 2176 261 2220; x_wconf 91' lang='lat' dir='ltr'><strong>nec</strong></span> <span class='ocrx_word' id='word_1_109' title='bbox 283 2176 410 2222; x_wconf 87' lang='lat' dir='ltr'><strong>cessare</strong></span> <span class='ocrx_word' id='word_1_110' title='bbox 431 2157 510 2222; x_wconf 91' lang='lat' dir='ltr'><strong>haee</strong></span> <span class='ocrx_word' id='word_1_111' title='bbox 532 2156 615 2221; x_wconf 90' lang='lat' dir='ltr'><strong>inter</strong></span> <span class='ocrx_word' id='word_1_112' title='bbox 638 2176 673 2221; x_wconf 90' lang='lat' dir='ltr'><strong>se</strong></span> <span class='ocrx_word' id='word_1_113' title='bbox 695 2162 839 2233; x_wconf 88' lang='lat' dir='ltr'><strong>mutare,</strong></span> <span class='ocrx_word' id='word_1_114' title='bbox 862 2175 969 2221; x_wconf 87' lang='lat' dir='ltr'><strong>meare</strong></span> 
     </span>
     <span class='ocr_line' id='line_1_18' title="bbox 202 2271 1076 2365; baseline 0 -30"><span class='ocrx_word' id='word_1_115' title='bbox 202 2293 221 2335; x_wconf 85' lang='lat' dir='ltr'><strong>a</strong></span> <span class='ocrx_word' id='word_1_116' title='bbox 245 2272 333 2337; x_wconf 90' lang='lat' dir='ltr'><strong>eaelo</strong></span> <span class='ocrx_word' id='word_1_117' title='bbox 357 2273 398 2335; x_wconf 91' lang='lat' dir='ltr'><strong>ad</strong></span> <span class='ocrx_word' id='word_1_118' title='bbox 421 2279 557 2365; x_wconf 87' lang='lat' dir='ltr'><strong>terram,</strong></span> <span class='ocrx_word' id='word_1_119' title='bbox 581 2271 621 2334; x_wconf 93' lang='lat' dir='ltr'><strong>de</strong></span> <span class='ocrx_word' id='word_1_120' title='bbox 644 2277 730 2336; x_wconf 89' lang='lat' dir='ltr'><strong>terra</strong></span> <span class='ocrx_word' id='word_1_121' title='bbox 753 2271 796 2336; x_wconf 90' lang='lat' dir='ltr'><strong>ad</strong></span> <span class='ocrx_word' id='word_1_122' title='bbox 819 2271 924 2336; x_wconf 90' lang='lat' dir='ltr'><strong>sidera</strong></span> <span class='ocrx_word' id='word_1_123' title='bbox 947 2272 1076 2335; x_wconf 86' lang='lat' dir='ltr'><strong>mundi.</strong></span> 
     </span>
     <span class='ocr_line' id='line_1_19' title="bbox 203 2386 1093 2473; baseline 0 -23"><span class='ocrx_word' id='word_1_124' title='bbox 203 2386 288 2469; x_wconf 91' lang='lat' dir='ltr'><strong>quod</strong></span> <span class='ocrx_word' id='word_1_125' title='bbox 311 2386 420 2452; x_wconf 87' lang='lat' dir='ltr'><strong>faeere</strong></span> <span class='ocrx_word' id='word_1_126' title='bbox 442 2387 528 2451; x_wconf 88' lang='lat' dir='ltr'><strong>baud</strong></span> <span class='ocrx_word' id='word_1_127' title='bbox 550 2387 615 2450; x_wconf 88' lang='lat' dir='ltr'><strong>ulio</strong></span> <span class='ocrx_word' id='word_1_128' title='bbox 638 2387 755 2452; x_wconf 87' lang='lat' dir='ltr'><strong>debent</strong></span> <span class='ocrx_word' id='word_1_129' title='bbox 777 2386 953 2472; x_wconf 87' lang='lat' dir='ltr'><strong>primordia</strong></span> <span class='ocrx_word' id='word_1_130' title='bbox 975 2393 1093 2473; x_wconf 76' lang='lat' dir='ltr'><strong>pacto,</strong></span> 
     </span>
     <span class='ocr_line' id='line_1_20' title="bbox 128 2501 1064 2587; baseline -0.001 -19"><span class='ocrx_word' id='word_1_131' title='bbox 128 2524 176 2571; x_wconf 86' lang='lat' dir='ltr'><strong>roo</strong></span> <span class='ocrx_word' id='word_1_132' title='bbox 201 2501 397 2567; x_wconf 85' lang='lat' dir='ltr'><strong>immutabile</strong></span> <span class='ocrx_word' id='word_1_133' title='bbox 420 2501 505 2566; x_wconf 91' lang='lat' dir='ltr'><strong>enim</strong></span> <span class='ocrx_word' id='word_1_134' title='bbox 528 2502 681 2583; x_wconf 84' lang='lat' dir='ltr'><strong>quiddam</strong></span> <span class='ocrx_word' id='word_1_135' title='bbox 705 2522 859 2587; x_wconf 90' lang='lat' dir='ltr'><strong>superare</strong></span> <span class='ocrx_word' id='word_1_136' title='bbox 882 2510 1064 2580; x_wconf 80' lang='lat' dir='ltr'><strong>necessest,</strong></span> 
     </span>
     <span class='ocr_line' id='line_1_21' title="bbox 201 2617 1032 2702; baseline 0.002 -22"><span class='ocrx_word' id='word_1_137' title='bbox 201 2637 241 2682; x_wconf 90' lang='lat' dir='ltr'><strong>ne</strong></span> <span class='ocrx_word' id='word_1_138' title='bbox 263 2636 315 2682; x_wconf 88' lang='lat' dir='ltr'><strong>res</strong></span> <span class='ocrx_word' id='word_1_139' title='bbox 337 2617 380 2681; x_wconf 90' lang='lat' dir='ltr'><strong>ad</strong></span> <span class='ocrx_word' id='word_1_140' title='bbox 402 2617 503 2680; x_wconf 91' lang='lat' dir='ltr'><strong>nilum</strong></span> <span class='ocrx_word' id='word_1_141' title='bbox 525 2617 711 2702; x_wconf 87' lang='lat' dir='ltr'><strong>redigantur</strong></span> <span class='ocrx_word' id='word_1_142' title='bbox 734 2618 877 2684; x_wconf 89' lang='lat' dir='ltr'><strong>funditus</strong></span> <span class='ocrx_word' id='word_1_143' title='bbox 900 2637 1032 2685; x_wconf 90' lang='lat' dir='ltr'><strong>omnes:</strong></span> 
     </span>
     <span class='ocr_line' id='line_1_22' title="bbox 202 2733 1054 2817; baseline 0 -21"><span class='ocrx_word' id='word_1_144' title='bbox 202 2753 274 2796; x_wconf 91' lang='lat' dir='ltr'><strong>nam</strong></span> <span class='ocrx_word' id='word_1_145' title='bbox 298 2733 384 2815; x_wconf 94' lang='lat' dir='ltr'><strong>quod</strong></span> <span class='ocrx_word' id='word_1_146' title='bbox 407 2752 541 2813; x_wconf 91' lang='lat' dir='ltr'><strong>eumque</strong></span> <span class='ocrx_word' id='word_1_147' title='bbox 564 2734 630 2798; x_wconf 90' lang='lat' dir='ltr'><strong>suis</strong></span> <span class='ocrx_word' id='word_1_148' title='bbox 652 2740 807 2798; x_wconf 90' lang='lat' dir='ltr'><strong>mutatum</strong></span> <span class='ocrx_word' id='word_1_149' title='bbox 830 2735 946 2798; x_wconf 82' lang='lat' dir='ltr'><strong>tinibus</strong></span> <span class='ocrx_word' id='word_1_150' title='bbox 970 2734 1054 2817; x_wconf 85' lang='lat' dir='ltr'><strong>exit,</strong></span> 
     </span>
     <span class='ocr_line' id='line_1_23' title="bbox 201 2848 1028 2931; baseline 0 -18"><span class='ocrx_word' id='word_1_151' title='bbox 201 2848 349 2913; x_wconf 90' lang='lat' dir='ltr'><strong>continuo</strong></span> <span class='ocrx_word' id='word_1_152' title='bbox 373 2850 433 2914; x_wconf 91' lang='lat' dir='ltr'><strong>hoe</strong></span> <span class='ocrx_word' id='word_1_153' title='bbox 455 2868 541 2914; x_wconf 91' lang='lat' dir='ltr'><strong>mors</strong></span> <span class='ocrx_word' id='word_1_154' title='bbox 564 2855 612 2914; x_wconf 92' lang='lat' dir='ltr'><strong>est</strong></span> <span class='ocrx_word' id='word_1_155' title='bbox 634 2850 720 2915; x_wconf 89' lang='lat' dir='ltr'><strong>illius</strong></span> <span class='ocrx_word' id='word_1_156' title='bbox 743 2850 829 2931; x_wconf 88' lang='lat' dir='ltr'><strong>quod</strong></span> <span class='ocrx_word' id='word_1_157' title='bbox 852 2849 911 2914; x_wconf 90' lang='lat' dir='ltr'><strong>fuit</strong></span> <span class='ocrx_word' id='word_1_158' title='bbox 934 2856 1028 2914; x_wconf 86' lang='lat' dir='ltr'><strong>ante.</strong></span> 
     </span>
     <span class='ocr_line' id='line_1_24' title="bbox 201 2964 1077 3049; baseline 0.002 -21"><span class='ocrx_word' id='word_1_159' title='bbox 201 2969 415 3049; x_wconf 89' lang='lat' dir='ltr'><strong>quapropter</strong></span> <span class='ocrx_word' id='word_1_160' title='bbox 438 2964 588 3045; x_wconf 87' lang='lat' dir='ltr'><strong>quoniam</strong></span> <span class='ocrx_word' id='word_1_161' title='bbox 612 2984 696 3045; x_wconf 89' lang='lat' dir='ltr'><strong>quae</strong></span> <span class='ocrx_word' id='word_1_162' title='bbox 721 2966 820 3049; x_wconf 88' lang='lat' dir='ltr'><strong>paulo</strong></span> <span class='ocrx_word' id='word_1_163' title='bbox 843 2965 981 3030; x_wconf 83' lang='lat' dir='ltr'><strong>diximus</strong></span> <span class='ocrx_word' id='word_1_164' title='bbox 1004 2970 1077 3030; x_wconf 90' lang='lat' dir='ltr'><strong>ante</strong></span> 
     </span>
     <span class='ocr_line' id='line_1_25' title="bbox 128 3078 1016 3170; baseline 0 -27"><span class='ocrx_word' id='word_1_165' title='bbox 128 3099 176 3147; x_wconf 76' lang='lat'><strong>795</strong></span> <span class='ocrx_word' id='word_1_166' title='bbox 201 3078 233 3141; x_wconf 96' lang='lat' dir='ltr'><strong>in</strong></span> <span class='ocrx_word' id='word_1_167' title='bbox 257 3083 482 3143; x_wconf 90' lang='lat' dir='ltr'><strong>commutatum</strong></span> <span class='ocrx_word' id='word_1_168' title='bbox 506 3079 655 3170; x_wconf 77' lang='lat' dir='ltr'><strong>ueniunt,</strong></span> <span class='ocrx_word' id='word_1_169' title='bbox 680 3087 826 3146; x_wconf 87' lang='lat' dir='ltr'><strong>constare</strong></span> <span class='ocrx_word' id='word_1_170' title='bbox 849 3087 1016 3147; x_wconf 85' lang='lat' dir='ltr'><strong>necessest</strong></span> 
     </span>
     <span class='ocr_line' id='line_1_26' title="bbox 202 3193 1095 3279; baseline 0 -21"><span class='ocrx_word' id='word_1_171' title='bbox 202 3213 243 3258; x_wconf 83' lang='lat' dir='ltr'><strong>ex</strong></span> <span class='ocrx_word' id='word_1_172' title='bbox 265 3193 339 3258; x_wconf 90' lang='lat' dir='ltr'><strong>aliis</strong></span> <span class='ocrx_word' id='word_1_173' title='bbox 361 3213 423 3270; x_wconf 84' lang='lat' dir='ltr'><strong>ea,</strong></span> <span class='ocrx_word' id='word_1_174' title='bbox 447 3213 530 3274; x_wconf 88' lang='lat' dir='ltr'><strong>quae</strong></span> <span class='ocrx_word' id='word_1_175' title='bbox 554 3201 716 3276; x_wconf 90' lang='lat' dir='ltr'><strong>nequeant</strong></span> <span class='ocrx_word' id='word_1_176' title='bbox 738 3197 916 3262; x_wconf 87' lang='lat' dir='ltr'><strong>convertier</strong></span> <span class='ocrx_word' id='word_1_177' title='bbox 939 3216 1095 3279; x_wconf 85' lang='lat' dir='ltr'><strong>usquam,</strong></span> 
     </span>
     <span class='ocr_line' id='line_1_27' title="bbox 201 3307 1057 3378; baseline 0.001 -4"><span class='ocrx_word' id='word_1_178' title='bbox 201 3329 243 3374; x_wconf 90' lang='lat' dir='ltr'><strong>ne</strong></span> <span class='ocrx_word' id='word_1_179' title='bbox 265 3309 321 3374; x_wconf 90' lang='lat' dir='ltr'><strong>tibi</strong></span> <span class='ocrx_word' id='word_1_180' title='bbox 345 3328 395 3373; x_wconf 90' lang='lat' dir='ltr'><strong>res</strong></span> <span class='ocrx_word' id='word_1_181' title='bbox 418 3307 551 3374; x_wconf 90' lang='lat' dir='ltr'><strong>redeant</strong></span> <span class='ocrx_word' id='word_1_182' title='bbox 572 3309 614 3374; x_wconf 91' lang='lat' dir='ltr'><strong>ad</strong></span> <span class='ocrx_word' id='word_1_183' title='bbox 637 3311 737 3375; x_wconf 86' lang='lat' dir='ltr'><strong>nilum</strong></span> <span class='ocrx_word' id='word_1_184' title='bbox 761 3313 904 3378; x_wconf 91' lang='lat' dir='ltr'><strong>funditus</strong></span> <span class='ocrx_word' id='word_1_185' title='bbox 928 3333 1057 3378; x_wconf 89' lang='lat' dir='ltr'><strong>omnes.</strong></span> 
     </span>
     <span class='ocr_line' id='line_1_28' title="bbox 202 3424 979 3510; baseline 0.003 -22"><span class='ocrx_word' id='word_1_186' title='bbox 202 3425 277 3507; x_wconf 92' lang='lat' dir='ltr'><strong>quin</strong></span> <span class='ocrx_word' id='word_1_187' title='bbox 301 3424 408 3509; x_wconf 91' lang='lat' dir='ltr'><strong>potius</strong></span> <span class='ocrx_word' id='word_1_188' title='bbox 430 3424 488 3488; x_wconf 90' lang='lat' dir='ltr'><strong>tali</strong></span> <span class='ocrx_word' id='word_1_189' title='bbox 512 3430 628 3489; x_wconf 88' lang='lat' dir='ltr'><strong>natura</strong></span> <span class='ocrx_word' id='word_1_190' title='bbox 650 3427 798 3510; x_wconf 90' lang='lat' dir='ltr'><strong>praedita</strong></span> <span class='ocrx_word' id='word_1_191' title='bbox 821 3428 979 3510; x_wconf 87' lang='lat' dir='ltr'><strong>quaedam</strong></span> 
     </span>
     <span class='ocr_line' id='line_1_29' title="bbox 202 3539 1021 3625; baseline 0 -19"><span class='ocrx_word' id='word_1_192' title='bbox 202 3560 337 3625; x_wconf 86' lang='lat' dir='ltr'><strong>corpora</strong></span> <span class='ocrx_word' id='word_1_193' title='bbox 359 3539 553 3623; x_wconf 90' lang='lat' dir='ltr'><strong>constituas,</strong></span> <span class='ocrx_word' id='word_1_194' title='bbox 576 3541 685 3622; x_wconf 89' lang='lat' dir='ltr'><strong>ignem</strong></span> <span class='ocrx_word' id='word_1_195' title='bbox 709 3542 736 3606; x_wconf 92' lang='lat' dir='ltr'><strong>si</strong></span> <span class='ocrx_word' id='word_1_196' title='bbox 759 3543 840 3608; x_wconf 88' lang='lat' dir='ltr'><strong>forte</strong></span> <span class='ocrx_word' id='word_1_197' title='bbox 865 3543 1021 3624; x_wconf 90' lang='lat' dir='ltr'><strong>crearint,</strong></span> 
     </span>
     <span class='ocr_line' id='line_1_30' title="bbox 127 3655 1123 3741; baseline -0.005 -15"><span class='ocrx_word' id='word_1_198' title='bbox 127 3680 178 3726; x_wconf 67' lang='lat' dir='ltr'><strong>suro</strong></span> <span class='ocrx_word' id='word_1_199' title='bbox 203 3676 299 3741; x_wconf 88' lang='lat' dir='ltr'><strong>posse</strong></span> <span class='ocrx_word' id='word_1_200' title='bbox 324 3655 458 3732; x_wconf 91' lang='lat' dir='ltr'><strong>eadem,</strong></span> <span class='ocrx_word' id='word_1_201' title='bbox 482 3655 619 3740; x_wconf 88' lang='lat' dir='ltr'><strong>demptis</strong></span> <span class='ocrx_word' id='word_1_202' title='bbox 642 3658 756 3741; x_wconf 88' lang='lat' dir='ltr'><strong>paucis</strong></span> <span class='ocrx_word' id='word_1_203' title='bbox 778 3658 955 3741; x_wconf 87' lang='lat' dir='ltr'><strong>paucisque</strong></span> <span class='ocrx_word' id='word_1_204' title='bbox 977 3657 1123 3739; x_wconf 88' lang='lat' dir='ltr'><strong>tributis,</strong></span> 
     </span>
     <span class='ocr_line' id='line_1_31' title="bbox 202 3772 1022 3856; baseline 0 -20"><span class='ocrx_word' id='word_1_205' title='bbox 202 3772 315 3836; x_wconf 89' lang='lat' dir='ltr'><strong>ordine</strong></span> <span class='ocrx_word' id='word_1_206' title='bbox 337 3776 458 3835; x_wconf 91' lang='lat' dir='ltr'><strong>mutato</strong></span> <span class='ocrx_word' id='word_1_207' title='bbox 481 3777 512 3834; x_wconf 89' lang='lat' dir='ltr'><strong>et</strong></span> <span class='ocrx_word' id='word_1_208' title='bbox 535 3775 642 3855; x_wconf 89' lang='lat' dir='ltr'><strong>motu,</strong></span> <span class='ocrx_word' id='word_1_209' title='bbox 672 3772 778 3838; x_wconf 80' lang='lat' dir='ltr'><strong>faeere</strong></span> <span class='ocrx_word' id='word_1_210' title='bbox 801 3773 883 3837; x_wconf 72' lang='lat' dir='ltr'><strong>aeris</strong></span> <span class='ocrx_word' id='word_1_211' title='bbox 906 3791 1022 3856; x_wconf 88' lang='lat' dir='ltr'><strong>auras,</strong></span> 
     </span>
    </p>
   </div>
   <div class='ocr_carea' id='block_1_3' title="bbox 202 4071 1334 4321">
    <p class='ocr_par' dir='ltr' id='par_1_3' title="bbox 202 4071 1334 4321">
     <span class='ocr_line' id='line_1_32' title="bbox 207 4071 1334 4145; baseline 0.002 -21"><span class='ocrx_word' id='word_1_212' title='bbox 207 4079 255 4124; x_wconf 80' lang='lat'><strong>772</strong></span> <span class='ocrx_word' id='word_1_213' title='bbox 276 4084 300 4124; x_wconf 89' lang='lat' dir='ltr'><strong>et</strong></span> <span class='ocrx_word' id='word_1_214' title='bbox 324 4071 336 4142; x_wconf 96' lang='grc' dir='ltr'>Η</span> <span class='ocrx_word' id='word_1_215' title='bbox 363 4077 413 4122; x_wconf 84' lang='grc'><strong>774</strong></span> <span class='ocrx_word' id='word_1_216' title='bbox 432 4074 529 4123; x_wconf 87' lang='lat' dir='ltr'><strong>animas</strong></span> <span class='ocrx_word' id='word_1_217' title='bbox 552 4078 565 4140; x_wconf 66' lang='lat' dir='ltr'><strong>f}</strong></span> <span class='ocrx_word' id='word_1_218' title='bbox 593 4080 642 4127; x_wconf 77' lang='grc'><strong>775</strong></span> <span class='ocrx_word' id='word_1_219' title='bbox 662 4077 768 4140; x_wconf 88' lang='lat' dir='ltr'><strong>quisque</strong></span> <span class='ocrx_word' id='word_1_220' title='bbox 786 4078 931 4127; x_wconf 86' lang='lat' dir='ltr'><strong>incoctum</strong></span> <span class='ocrx_word' id='word_1_221' title='bbox 952 4075 965 4145; x_wconf 99' lang='grc' dir='ltr'>Η</span> <span class='ocrx_word' id='word_1_222' title='bbox 993 4078 1041 4125; x_wconf 84' lang='grc'><strong>776</strong></span> <span class='ocrx_word' id='word_1_223' title='bbox 1062 4078 1172 4126; x_wconf 89' lang='lat' dir='ltr'><strong>ostendit</strong></span> <span class='ocrx_word' id='word_1_224' title='bbox 1197 4072 1210 4143; x_wconf 96' lang='grc' dir='ltr'>Η</span> <span class='ocrx_word' id='word_1_225' title='bbox 1238 4078 1286 4123; x_wconf 90' lang='grc'><strong>777</strong></span> <span class='ocrx_word' id='word_1_226' title='bbox 1308 4085 1334 4126; x_wconf 91' lang='lat' dir='ltr'><strong>et</strong></span> 
     </span>
     <span class='ocr_line' id='line_1_33' title="bbox 203 4159 1333 4233; baseline 0.004 -22"><span class='ocrx_word' id='word_1_227' title='bbox 203 4163 313 4226; x_wconf 90' lang='lat' dir='ltr'><strong>quodam</strong></span> <span class='ocrx_word' id='word_1_228' title='bbox 332 4177 389 4210; x_wconf 89' lang='lat' dir='ltr'><strong>cum</strong></span> <span class='ocrx_word' id='word_1_229' title='bbox 415 4159 427 4229; x_wconf 97' lang='grc' dir='ltr'>Η</span> <span class='ocrx_word' id='word_1_230' title='bbox 451 4176 571 4212; x_wconf 86' lang='lat' dir='ltr'><strong>manare.</strong></span> <span class='ocrx_word' id='word_1_231' title='bbox 598 4161 611 4232; x_wconf 95' lang='grc' dir='ltr'>Η</span> <span class='ocrx_word' id='word_1_232' title='bbox 639 4167 688 4213; x_wconf 88' lang='grc'><strong>778</strong></span> <span class='ocrx_word' id='word_1_233' title='bbox 708 4172 824 4228; x_wconf 85' lang='lat' dir='ltr'><strong>oportet.</strong></span> <span class='ocrx_word' id='word_1_234' title='bbox 851 4161 864 4233; x_wconf 95' lang='grc' dir='ltr'>Η</span> <span class='ocrx_word' id='word_1_235' title='bbox 893 4167 941 4214; x_wconf 87' lang='grc'><strong>779</strong></span> <span class='ocrx_word' id='word_1_236' title='bbox 960 4164 1146 4229; x_wconf 84' lang='lat' dir='ltr'><strong>glandestinam</strong></span> <span class='ocrx_word' id='word_1_237' title='bbox 1170 4162 1184 4232; x_wconf 94' lang='grc' dir='ltr'>Η</span> <span class='ocrx_word' id='word_1_238' title='bbox 1211 4166 1260 4212; x_wconf 90' lang='grc'><strong>780</strong></span> <span class='ocrx_word' id='word_1_239' title='bbox 1279 4164 1333 4215; x_wconf 92' lang='lat' dir='ltr'><strong>De·</strong></span> 
     </span>
     <span class='ocr_line' id='line_1_34' title="bbox 202 4246 1333 4321; baseline 0.005 -22"><span class='ocrx_word' id='word_1_240' title='bbox 202 4250 298 4299; x_wconf 88' lang='lat' dir='ltr'><strong>mineat</strong></span> <span class='ocrx_word' id='word_1_241' title='bbox 318 4246 332 4316; x_wconf 92' lang='grc' dir='ltr'>Η</span> <span class='ocrx_word' id='word_1_242' title='bbox 354 4251 400 4298; x_wconf 88' lang='grc'><strong>781</strong></span> <span class='ocrx_word' id='word_1_243' title='bbox 423 4257 536 4300; x_wconf 85' lang='lat' dir='ltr'><strong>creatas.</strong></span> <span class='ocrx_word' id='word_1_244' title='bbox 558 4248 570 4319; x_wconf 91' lang='grc' dir='ltr'>Η</span> <span class='ocrx_word' id='word_1_245' title='bbox 593 4254 643 4301; x_wconf 85' lang='grc'><strong>784</strong></span> <span class='ocrx_word' id='word_1_246' title='bbox 662 4252 748 4316; x_wconf 83' lang='lat' dir='ltr'><strong>ignem</strong></span> <span class='ocrx_word' id='word_1_247' title='bbox 769 4250 782 4320; x_wconf 92' lang='grc' dir='ltr'>Η</span> <span class='ocrx_word' id='word_1_248' title='bbox 805 4254 854 4303; x_wconf 78' lang='grc'><strong>785</strong></span> <span class='ocrx_word' id='word_1_249' title='bbox 874 4253 928 4319; x_wconf 89' lang='lat' dir='ltr'><strong>igni</strong></span> <span class='ocrx_word' id='word_1_250' title='bbox 949 4248 962 4320; x_wconf 96' lang='grc' dir='ltr'>Η</span> <span class='ocrx_word' id='word_1_251' title='bbox 983 4253 1120 4305; x_wconf 88' lang='lat' dir='ltr'><strong>interram</strong></span> <span class='ocrx_word' id='word_1_252' title='bbox 1140 4251 1153 4321; x_wconf 95' lang='grc' dir='ltr'>Η</span> <span class='ocrx_word' id='word_1_253' title='bbox 1177 4254 1225 4303; x_wconf 82' lang='grc'><strong>789</strong></span> <span class='ocrx_word' id='word_1_254' title='bbox 1245 4251 1333 4309; x_wconf 84' lang='lat' dir='ltr'><strong>facto.</strong></span> 
     </span>
    </p>
   </div>
   <div class='ocr_carea' id='block_1_4' title="bbox 0 0 1378 4658">
    <p class='ocr_par' dir='ltr' id='par_1_4' title="bbox 0 0 1378 4658">
     <span class='ocr_line' id='line_1_35' title="bbox 0 0 1378 4658; baseline 0 0"><span class='ocrx_word' id='word_1_255' title='bbox 0 0 1378 4658; x_wconf 95' lang='lat' dir='ltr'><strong> </strong></span> 
     </span>
    </p>
   </div>
  </div>
 </body>
</html>
