2744 4658
159 139 213 246 32x
274 226 277 231 .
713 177 729 242 r

158 348 239 413 scire
260 346 336 411 licet
356 366 419 410 non
442 365 516 412 esse
537 347 571 410 in
592 346 689 412 rebus
711 366 763 412 res
784 347 830 411 ita
850 347 990 432 mixtas,

84 484 134 531 005
159 483 268 528 verum
293 461 414 527 semina
437 460 631 526 multimodis
654 462 788 527 inmixta
810 463 911 527 latere

157 579 325 643 multarum
349 597 451 642 rerum
475 576 508 641 in
531 579 627 642 rebus
650 578 830 643 communia
852 575 990 642 debent.

198 688 254 758 ‘At
276 713 376 777 saepe
398 693 430 756 in
454 693 578 775 magnis
601 692 635 757 fit
658 687 829 758 montibus’
856 691 962 775 inquis
981 686 1030 756 ‘ut
1051 692 1125 758 altis

158 809 325 874 arboribus
346 807 452 873 vicina
475 809 641 873 cacumina
664 828 788 874 summa
809 813 951 872 terantur

157 925 239 990 inter
262 944 317 998 se,
340 922 455 987 validis
477 922 586 988 facere
608 923 641 987 id
665 923 851 1008 cogentibus
874 923 1009 1006 austris,

84 1060 133 1106 eoo
159 1023 424 1104 (1000011000οἰ
446 1037 604 1103 fulserunt
626 1039 704 1104 flore
728 1045 836 1103 coorto
850 1033 866 1101 .'

158 1154 300 1232 scilicet,
324 1160 355 1219 et
376 1174 442 1219 non
464 1161 512 1220 est
534 1153 629 1238 lignis
651 1159 759 1218 tamen
782 1151 895 1217 insitus
917 1152 1023 1233 ignis,

157 1291 266 1334 verum
290 1270 412 1333 semina
434 1275 508 1333 sunt
530 1268 654 1334 ardoris
677 1267 796 1344 multa,
821 1268 954 1333 terendo

159 1404 241 1467 quae
265 1404 334 1448 cum
358 1383 559 1468 confluxere,
583 1391 692 1449 creant
714 1382 864 1449 incendia
886 1383 997 1449 silvis:

159 1499 246 1583 quod
268 1499 296 1563 si
318 1498 404 1563 facta
426 1497 509 1563 foret
531 1499 622 1563 silvis
644 1499 833 1564 abscondita
855 1498 1003 1581 flamma,

84 1635 133 1681 000
159 1635 223 1679 000
246 1619 377 1697 possent
399 1614 499 1678 ullum
521 1620 646 1698 tempus
669 1613 802 1679 oelarier
824 1614 937 1694 ignes,

158 1730 348 1795 conficerent
369 1731 465 1812 volgo
488 1729 605 1806 silvas,
629 1730 761 1795 arbusta
783 1735 980 1794 cremarent.

157 1845 263 1910 iamne
285 1845 376 1910 rides
400 1845 514 1929 igitur,
538 1845 635 1929 00010
659 1843 744 1927 quod
768 1842 906 1908 diximus
932 1850 1026 1928 ante,

157 1960 323 2043 permagni
345 1960 465 2025 referre
489 1959 601 2025 eadem
625 1959 798 2043 primordia
820 1978 920 2045 saepe

158 2095 228 2140 cunr
253 2074 368 2158 quibus
391 2071 532 2155 0000011
553 2075 698 2158 positura
721 2076 942 2140 contineantur

84 2210 134 2255 cro
160 2197 191 2254 00
214 2209 293 2270 0000
315 2190 398 2254 inter
421 2209 457 2254 00
481 2189 558 2255 dent
580 2196 684 2255 motus
707 2190 948 2274 accipiantque,

160 2312 257 2387 atquc
277 2301 392 2382 'eadem
416 2305 512 2387 paulo
536 2305 617 2369 inter·
640 2325 675 2371 se
698 2311 818 2369 mutata
839 2323 948 2369 creare

159 2420 252 2501 ignes
275 2425 306 2484 00
327 2420 477 2503 lignum?
501 2442 564 2506 000
587 2428 680 2505 00000
704 2421 802 2485 verba
824 2439 950 2502 quoque
974 2420 1045 2503 ipsa

158 2535 241 2598 inter
264 2553 298 2599 se
320 2535 419 2618 paulo
442 2535 568 2600 mutatis
592 2542 666 2601 sunt
688 2535 873 2612 elementis,

161 2669 229 2744 oum
253 2649 340 2732 ligna
362 2655 456 2731 atque
479 2651 570 2732 ignes
595 2651 745 2716 distincta
767 2670 846 2716 voce
868 2656 1034 2714 notemus.

85 2783 135 2829 915
161 2763 297 2845 denique
319 2764 382 2828 iarn
407 2785 490 2848 0000
512 2786 646 2847 cumque
667 2766 701 2829 10
723 2765 817 2829 rebus
841 2766 944 2830 cernis
967 2764 1087 2849 apertis

161 2878 188 2942 si
211 2877 278 2943 fieri
300 2900 365 2944 non
388 2901 483 2964 posse
507 2887 621 2964 putas,
645 2880 721 2960 0010
745 2881 889 2944 materiai

161 3013 295 3076 corpora
318 2994 474 3058 consimili
497 3001 609 3060 natura
632 2995 778 3079 praedita
800 2996 924 3077 fingas,

158 3109 220 3172 hac
242 3108 367 3172 ratione
390 3110 445 3173 tibi
470 3116 603 3194 pereunt
624 3111 799 3194 primordia
824 3131 948 3175 rerum:

158 3224 211 3287 fiet
233 3223 278 3286 001
301 3223 366 3288 risu
388 3226 521 3290 tremulo
545 3246 701 3291 concussa
725 3224 917 3290 cachinnent

85 3358 135 3404 ono
162 3343 193 3400 et
213 3337 353 3429 lacrimis
376 3341 470 3405 salsis
492 3347 652 3406 umectent
673 3361 729 3405 ora
751 3359 936 3423 genasque.

202 3455 293 3517 Nunc
316 3474 397 3534 age,
423 3457 507 3537 quod
531 3461 697 3541 super-est
720 3475 879 3536 cognosce
903 3463 934 3519 et
956 3455 1072 3521 clarius
1093 3460 1187 3523 audi.

160 3588 219 3632 nec
242 3587 292 3631 me
315 3569 410 3633 animi
433 3570 517 3634 fallit
540 3591 634 3652 quam
657 3571 721 3635 sint
743 3571 901 3635 obscura:
925 3572 982 3635 sed
1005 3573 1070 3636 acri

159 3683 315 3767 percussit
337 3682 445 3767 thyrso
468 3684 575 3749 laudis
598 3705 673 3768 spes
695 3705 814 3766 magna
836 3705 941 3750 meum
964 3707 1018 3751 cor

161 3804 193 3863 et
215 3797 309 3862 simul
331 3797 464 3864 incussit
486 3820 614 3864 suarem
637 3800 679 3863 nri
702 3802 735 3865 in
757 3807 869 3884 pectus
892 3821 1032 3866 amorem

162 4069 212 4115 900
231 4066 348 4115 flammae
368 4063 381 4132 ll
403 4067 451 4113 906
466 4066 608 4116 Conficeret
628 4065 641 4134 Η
662 4069 712 4116 009
731 4068 927 4131 contingantur.
949 4066 962 4136 Η
983 4073 1032 4117 912
1051 4086 1065 4118 0
1084 4068 1098 4136 ll
1118 4072 1168 4120 918
1182 4071 1252 4120 Ηο00
1267 4069 1280 4139 Η

162 4157 210 4202 919
232 4155 341 4202 taemulo
