2678 4658
604 247 663 312 1111

65 419 223 484 cernundi
246 438 352 501 neque
373 439 469 504 posse
492 419 560 484 sine
582 419 632 484 his
654 439 706 484 res
728 420 795 484 ulla
815 420 938 485 videri.

64 552 153 597 nune
175 553 214 597 ea
237 552 323 617 quae
346 533 417 599 dieo
440 554 545 598 rerum
569 534 739 599 simulaera
761 534 904 599 feruutur

10 668 40 714 re
64 646 208 730 undique
231 654 264 713 et
286 649 320 713 in
343 656 472 714 cunetas
494 649 652 714 iaciuntur
674 649 774 713 didita
795 650 917 734 partis:

62 781 176 828 verum
199 784 260 829 nos
283 765 387 830 oeulis
409 765 484 847 quia
507 764 585 829 solis
606 783 734 828 eernere
758 765 902 849 quimus,

63 883 236 962 propterea
258 878 294 942 fit
315 881 382 965 uti,
399 880 537 964 speeiem
562 901 624 962 que
647 880 818 964 vertimus,
835 900 945 946 omnes

64 1011 116 1057 res
139 992 184 1057 ibi
207 1013 282 1060 eam
305 1000 418 1059 eontra
441 994 557 1060 feriant
578 994 682 1058 forma
703 1000 799 1076 atque
823 996 948 1060 colore.

62 1112 93 1170 et
115 1114 272 1189 quantum
296 1127 444 1191 quaeque
465 1110 506 1173 ab
529 1109 623 1174 nobis
645 1127 697 1173 res
720 1109 823 1187 absit,
839 1109 946 1192 imago

10 1238 43 1287 ue
65 1219 163 1286 efficit
186 1228 222 1286 ut
244 1222 414 1289 videamus
436 1228 468 1288 et
489 1223 704 1288 internoscere
727 1223 842 1305 eogitz'
871 1262 874 1268 ·

63 1355 137 1400 nam
161 1357 237 1401 eum
260 1336 414 1421 mittitur,
431 1336 590 1420 extemplo
613 1337 770 1421 protrudit
793 1337 922 1420 agitque

61 1458 137 1516 aera
162 1451 218 1533 qui
242 1451 325 1517 inter
347 1470 383 1515 se
406 1471 539 1533 eumque
563 1456 612 1516 est
634 1453 807 1534 oculosque
830 1454 973 1537 leuatae,

61 1565 151 1649 isque
174 1566 224 1630 ita
248 1585 305 1650 per
327 1571 452 1630 nostras
475 1567 561 1631 acies
584 1567 759 1650 perlabitur
782 1568 884 1632 omnis

62 1688 91 1745 et
110 1680 210 1764 quasi
235 1683 394 1764 perterget
415 1680 555 1765 pupillas
577 1688 675 1763 atque
696 1682 740 1746 ita
762 1682 895 1746 transit.

15 1810 49 1861 tu
64 1803 234 1880 propterea
256 1794 291 1858 tit
311 1795 358 1859 uti
379 1794 544 1861 videamus
567 1816 663 1878 quam
685 1797 796 1880 preeul
818 1797 902 1860 absit

21 1924 57 1973 tet
72 1928 113 1976 rer
131 1929 312 1993 quaeque.
329 1916 360 1975 et
382 1917 502 1992 quanto
524 1912 596 1995 plus
620 1915 704 1979 ae'ris
726 1920 800 1979 ante
823 1912 963 1994 agitatur

18 2038 54 2087 tu
69 2030 95 2090 et
108 2032 246 2091 nostres
268 2026 379 2091 oeulos
399 2032 561 2110 perterget
583 2028 709 2109 longior
730 2049 830 2111 aura,

64 2144 121 2205 lam
143 2141 265 2225 procul
287 2159 359 2205 esse
381 2142 486 2223 magis
509 2163 561 2208 res
584 2163 732 2225 quaeque
755 2148 877 2207 remota
898 2141 1041 2206 videtur.

62 2255 200 2340 scilieet,
219 2256 301 2322 haee
323 2276 445 2322 summe
467 2258 562 2323 aeleri
585 2260 709 2324 ratione
732 2265 906 2340 geruntur,

10 2382 45 2435 tu
61 2371 154 2453 quale
180 2371 223 2436 sit
245 2377 280 2435 ut
301 2372 486 2458 rideamne,
504 2379 535 2439 et
556 2395 621 2439 una
644 2395 740 2456 quam
764 2373 874 2457 preeul
897 2373 998 2437 absit.

61 2484 135 2551 illud
159 2488 196 2552 in
219 2487 270 2552 his
293 2489 389 2554 rebus
413 2489 541 2555 minime
563 2490 712 2555 mirabile
735 2487 968 2568 habendumst,
999 2536 1001 2541 .

62 2621 132 2682 eur,
150 2622 194 2668 ea
219 2622 303 2685 quae
325 2600 441 2668 feriant
464 2607 574 2670 oeulos
597 2606 768 2671 simulacra
790 2603 891 2668 videri

60 2718 188 2802 singula
210 2737 284 2782 eum
306 2725 487 2801 nequeant,
503 2739 554 2785 res
577 2721 667 2805 ipsae
689 2719 944 2804 perspiciantur.

62 2840 175 2899 renuis
197 2833 285 2897 enim
308 2853 436 2917 quoque
458 2836 612 2918 paulatim
637 2857 706 2900 eum
729 2834 877 2900 verberat
899 2838 929 2896 et
952 2852 1023 2896 eum

11 2962 41 3014 81
61 2969 134 3016 aere
156 2948 231 3013 fluit
251 2947 373 3029 frigus,
390 2970 454 3014 nnn
476 2951 598 3034 privam
620 2971 780 3034 quamque
803 2949 942 3015 solemus
1120 2932 1122 2937 ¹

10 3078 44 3129 ta
61 3064 254 3149 particulam
277 3065 362 3128 venti
386 3066 504 3130 sentire
527 3072 558 3130 et
580 3066 709 3148 frigoris
732 3067 820 3142 eius,

10 3192 43 3244 82
62 3179 119 3245 sed
140 3178 253 3261 magis
275 3199 427 3244 unorsum
441 3232 448 3260 ‚
463 3180 596 3263 fierique
617 3180 751 3265 perinde
774 3179 918 3245 videmus

62 3312 196 3380 corpore
218 3298 287 3357 tum
311 3295 430 3379 plagas
453 3296 492 3359 in.
508 3302 615 3361 nostre
638 3305 703 3362 tam
729 3316 824 3378 quam
848 3293 976 3374 aliquae
1000 3314 1051 3359 res

61 3409 211 3475 verberet
233 3416 329 3490 atque
351 3409 403 3474 sui
425 3411 479 3474 det
499 3414 631 3477 'sensum
653 3411 795 3494 eorporis
818 3414 927 3473 extra.

10 3536 44 3587 te
62 3530 233 3607 praeterea
255 3524 397 3609 lapidem
420 3523 519 3607 digito
543 3546 614 3590 eum
637 3524 819 3608 tundimus,
835 3525 940 3609 ipsum

62 3640 224 3725 tangimus
245 3646 425 3706 extremum
447 3639 516 3703 saxi
538 3659 758 3721 summumque
781 3640 940 3717 colerem,

60 3774 115 3821 nee
134 3754 298 3821 sentimus
320 3775 394 3821 eum
416 3758 521 3839 laetu,
537 3773 646 3818 verum
670 3753 774 3834 magis
796 3754 900 3839 ipsam

61 3868 209 3937 duritiem
230 3869 361 3955 penitus
383 3868 454 3935 saxi
475 3868 630 3934 sentimus
652 3869 686 3933 in
708 3870 794 3934 alte.

61 4142 107 4195 24⁰
124 4144 219 4195 dedita
240 4139 258 4212 ΙΙ
284 4142 336 4191 245
357 4146 447 4190 curat.
472 4135 485 4204 ll
511 4140 560 4187 246
579 4138 693 4203 protudit
717 4134 730 4206 ll
757 4139 807 4186 249
827 4144 939 4202 perteget
959 4132 973 4203 ll
996 4136 1046 4184 ‘253
1065 4142 1151 4181 revera
1171 4127 1185 4199 Η

61 4232 106 4283 261
126 4232 244 4299 primam
264 4226 279 4297 ΙΙ
299 4229 351 4278 267
372 4225 445 4292 ipsa.
