2744 4658
165 219 222 280 1116
706 206 735 270 V

85 404 136 451 azo
160 382 309 447 materies
331 379 449 444 umoris
472 384 504 444 et
526 377 568 442 nd
590 384 685 462 caput
707 377 854 443 amnibus
877 377 980 441 omnis

161 495 327 579 convenit,
342 494 418 559 inde
441 512 536 576 super
557 499 658 557 terras
680 489 748 555 fluit
769 491 896 574 agmine
919 489 1003 555 dulci

161 629 226 692 qna
247 608 299 674 via
320 614 410 674 secta
432 608 531 673 semel
552 605 673 689 liquido
696 606 780 689 pede
803 605 915 670 detulit
937 604 1060 670 undas.

200 718 284 789 Adra
305 742 389 803 nuno
410 722 506 805 igitur
529 721 654 804 dicam,
672 721 726 803 qui
749 739 882 804 corpore
905 723 971 783 toto

160 836 437 902 innumerabiliter
458 835 566 919 privas
590 839 728 898 mutatur
750 834 784 898 in
806 835 923 899 horas.

86 973 136 1019 aas
162 971 289 1036 semper
310 950 414 1027 enim,
432 947 518 1031 quod
541 968 674 1030 cumque
695 925 825 1014 fluitde
847 949 962 1024 rebus,
977 947 1010 1010 id
1034 966 1128 1013 omne

163 1065 247 1131 atris
269 1065 303 1129 iu
326 1083 477 1147 magnum
500 1062 599 1128 fertur
621 1083 731 1140 mare3
747 1064 801 1144 qui
823 1064 884 1128 nisi
907 1069 1017 1128 contra

161 1199 295 1262 corpora
318 1177 472 1243 retribuat
493 1177 589 1243 rebus
613 1183 795 1260 recreetque
817 1177 964 1254 fluentis,

161 1294 268 1358 omnia
290 1293 353 1356 iam
376 1292 518 1357 resoluta
539 1291 644 1357 forent
667 1298 698 1357 et
720 1293 754 1356 in
776 1301 853 1358 ae'ra
875 1312 986 1358 versa:

161 1407 239 1471 haut
261 1407 355 1489 igitur
378 1412 483 1471 cessat
505 1406 594 1489 gigni
617 1407 657 1472 de
681 1407 777 1472 rebus
799 1408 886 1471 etin
908 1426 959 1472 res
1057 1460 1062 1469 .

87 1542 137 1589 aso
162 1521 344 1604 reccidere,
361 1521 496 1585 adsidue
520 1522 671 1602 quoniam
693 1521 794 1588 iluere
817 1524 925 1588 omnia
947 1526 1090 1586 constat.

201 1637 324 1718 Largus
346 1635 421 1700 item
443 1634 556 1718 liquidi
580 1635 652 1702 fons
676 1635 824 1718 luminis,
841 1634 1001 1700 aetherius
1025 1635 1094 1720 sol,

162 1750 281 1844 inrigat
303 1749 439 1815 adsidue
460 1751 589 1816 caelum
612 1751 753 1843 candore
776 1751 896 1816 recenti

165 1866 412 1951 suppeditatque
433 1886 516 1932 novo
540 1867 708 1932 confestim
730 1866 849 1931 lumine
871 1865 997 1932 lumen.

162 2003 236 2045 nam
258 1981 393 2066 primum
418 1982 568 2064 quicquid
591 1981 727 2066 fulgoris
750 1981 884 2066 disperit
906 1981 955 2057 ei,
1039 2008 1044 2015 ·

90 2117 140 2163 aas
168 2116 230 2177 quo
254 2116 389 2179 cumque
412 2097 547 2162 accidit.
563 2098 597 2161 id
620 2097 692 2160 licet
713 2095 787 2159 hinc
810 2114 1004 2178 cognoscere
1027 2096 1152 2179 possis,

160 2210 245 2292 quod
268 2210 362 2275 simul
386 2231 426 2276 ac
448 2211 586 2295 primum
608 2210 711 2275 nubes
734 2207 907 2274 succedere
929 2209 989 2274 soli

162 2344 296 2407 coepere
320 2331 352 2390 et
375 2325 482 2390 radios
504 2325 588 2389 inter
611 2324 703 2406 quasi
725 2342 872 2407 rumpere
894 2325 994 2409 lucis,

161 2440 321 2523 extemplo
343 2439 473 2505 inferior
495 2461 571 2525 pars
595 2441 706 2504 borum
729 2440 863 2525 disperit
886 2441 1008 2524 omnis,

158 2560 306 2636 terraque
328 2555 525 2620 inumbratur
547 2577 612 2638 qua
634 2554 733 2619 nimbi
757 2575 891 2638 cumque
913 2555 1076 2639 seruntur;

86 2689 136 2736 aso
163 2675 197 2732 ut
217 2689 333 2735 noscas
355 2670 526 2755 splendore
549 2691 632 2736 novo
657 2690 707 2736 res
730 2690 856 2754 semper
878 2689 994 2755 egere,

160 2789 191 2849 et
212 2786 347 2869 primum
369 2787 485 2851 iactum
508 2785 644 2870 fulgoris
667 2805 824 2868 quemque
846 2785 972 2869 perire,

162 2918 220 2964 nec
242 2899 366 2965 ratione
389 2900 455 2963 alia
476 2921 528 2964 res
550 2900 701 2985 possein
724 2900 792 2965 sole
814 2900 938 2984 videri,

159 3019 313 3098 perpetuo
336 3013 369 3076 ni
392 3012 574 3097 suppeditet
595 3014 676 3080 lucis
698 3021 794 3100 caput
817 3016 942 3099 ipsum.

160 3129 236 3210 quin
259 3127 354 3192 etiam
376 3133 531 3195 nocturna
554 3129 630 3206 tibi,
647 3131 810 3196 terrestria
832 3150 914 3213 quae
937 3138 1028 3214 sunt,

86 3264 135 3311 aaa
161 3242 301 3317 lumina,
317 3240 494 3326 pendentes
516 3242 625 3328 lychni
648 3245 820 3327 claraeque
843 3247 981 3312 coruscis

160 3355 339 3440 fulguribus
361 3357 498 3440 pingues
521 3359 622 3422 multa
645 3359 783 3443 caligine
805 3361 920 3426 taedae

160 3470 317 3535 consimili
339 3478 511 3556 properant
533 3472 674 3556 ratione,
694 3474 811 3540 ardore
834 3476 997 3560 ministro,

159 3585 363 3669 suppeditare
386 3608 501 3650 novom
523 3585 649 3666 lumen,
666 3594 801 3654 tremere
822 3590 951 3673 ignibus
973 3588 1111 3667 instant,

159 3699 302 3776 instant,
318 3719 377 3765 nec
399 3700 472 3766 loca
494 3702 550 3766 lux
571 3703 652 3768 inter
675 3704 768 3785 quasi
791 3710 885 3788 rupta
906 3702 1077 3787 relinquit:

83 3832 133 3880 aco
158 3832 260 3894 usque
283 3815 364 3880 adeo
387 3823 598 3901 properanter
619 3817 661 3882 ab
687 3819 833 3885 omnibus
853 3817 1036 3905 ignibusei

160 4092 210 4138 212
229 4092 305 4140 semel
322 4101 390 4141 secta
408 4093 484 4140 semel
504 4087 518 4158 Η
539 4094 589 4141 274
608 4109 682 4142 oras.
708 4091 721 4160 Η
749 4095 798 4142 282
818 4094 933 4156 regenti.
958 4090 971 4159 Η
997 4095 1047 4145 288
1066 4092 1172 4161 disperis
1198 4090 1211 4162 ΙΙ
1233 4095 1282 4145 291

160 4176 195 4230 Ut
215 4175 227 4244 11
249 4180 299 4231 293
318 4178 451 4247 suppedite
473 4175 486 4246 Η
506 4182 556 4230 295
576 4180 664 4248 lyclini
685 4178 699 4249 11
719 4183 768 4230 291
789 4181 920 4249 proferant
