2744 4658
683 227 726 292 Vl

64 422 114 468 939
184 403 276 464 Ν999
299 401 403 464 omnis
425 406 567 484 repetam
593 419 688 480 quam
710 419 783 465 raro
809 419 942 483 corpore
964 400 1028 464 sint
1050 419 1102 464 res

141 494 410 598 oorrrmemorare;
428 516 512 597 quod
535 514 569 577 in
591 515 693 598 primo
718 536 845 597 quoque
869 514 1009 580 carmine
1031 515 1150 579 olaret:

142 631 261 714 quippe
284 632 420 715 etenim,
439 650 630 712 quamquam
656 630 772 694 multas
795 628 856 694 hoe
877 630 1014 714 pertinet
1036 630 1078 695 ad
1100 650 1151 696 res

140 765 291 821 noscere,
308 764 379 809 eum
403 746 512 827 primis
534 745 618 810 hane
639 745 681 810 ad
704 765 771 808 rem
792 744 937 830 protinus
959 745 1084 827 ipsam,

63 883 115 928 999
141 881 206 941 qua
229 861 268 925 de
291 861 450 926 disserere
473 859 664 944 adgredior,
681 860 808 923 firmare
831 866 995 925 999999999

140 977 183 1039 911
208 995 279 1040 esse
301 976 334 1039 in
357 982 503 1060 promptu
527 976 589 1040 nisi
612 978 743 1039 mixtum
768 996 883 1057 eorpus
905 975 1016 1039 inani.

140 1091 296 1175 prinoipio
320 1091 354 1154 fit
376 1097 409 1153 ut
431 1091 464 1154 in
488 1091 651 1175 speluncis
674 1112 753 1156 saxa
777 1111 915 1175 superne

140 1195 255 1271 sudent
277 1225 387 1270 umore
410 1212 442 1269 et
463 1206 561 1286 guttis
583 1205 779 1270 manantibu’
804 1207 943 1272 stillent.

139 1326 250 1410 nranat
272 1321 347 1384 item
369 1320 462 1385 nobis
485 1341 503 1384 e
525 1325 591 1385 toto
616 1341 748 1404 corpore
772 1323 888 1406 sudor,

62 1460 115 1504 949
142 1437 256 1501 erescit
277 1435 380 1499 barba
403 1435 525 1520 pilique
547 1456 605 1520 per
628 1436 736 1502 omnia
758 1437 920 1513 membra,
936 1457 993 1521 per
1015 1441 1125 1501 artus.

141 1551 258 1615 diditur
280 1550 313 1614 in
336 1570 435 1615 venas
459 1551 548 1614 eibus
572 1552 695 1636 omnis,
713 1559 828 1635 auget,
845 1553 966 1633 alitque

140 1666 283 1751 eorporis
305 1673 467 1732 extremas
491 1687 617 1748 quoque
640 1667 741 1750 partis
763 1667 1039 1752 unguioulosque,

59 1804 113 1849 999
142 1782 287 1845 morbida
308 1782 421 1864 visque
444 1782 558 1860 simul,
576 1803 645 1846 eum
669 1783 868 1848 extrinsecus
889 1782 1087 1849 insinuatur.

60 1919 113 1965 949
139 1896 241 1977 frigus
263 1897 336 1961 item
361 1897 494 1962 transire
516 1917 574 1982 per
596 1917 671 1975 aes,
689 1897 892 1978 calidumque
914 1919 1088 1984 vaporem,

139 2012 315 2097 sentimus,
333 2012 488 2077 sentimus
510 2013 583 2078 item
607 2013 742 2077 transire
763 2032 823 2096 por
845 2034 956 2078 aurum

60 2149 112 2195 999
139 2134 234 2208 atque
258 2146 314 2210 per
337 2132 504 2208 argentum
519 2179 526 2206 ‚
543 2148 614 2193 oum
637 2128 755 2211 poeula
776 2128 873 2212 plena
894 2132 1062 2194 tenemus.

139 2242 276 2323 denique
300 2262 357 2326 per
381 2243 523 2326 dissepta
546 2243 713 2307 domorum
736 2263 834 2307 saxea
852 2264 951 2309 Ι99999

140 2358 353 2441 pervolitant,
370 2365 537 2439 permanat
560 2358 641 2423 odor
663 2358 828 2440 frigusque
850 2380 1015 2444 vaposque

138 2473 244 2553 ignis,
261 2473 315 2554 qui
339 2472 414 2537 ferri
437 2492 565 2555 quoque
587 2473 650 2538 vim
673 2480 842 2558 penetrare
865 2474 967 2539 su'e‘vit

139 2587 278 2669 denique
302 2608 368 2670 qua
388 2588 505 2654 oiroum
530 2587 617 2652 Galli
638 2589 739 2655 lorioa
761 2596 903 2655 9999999.

63 2722 113 2769 999
141 2710 173 2768 99
195 2710 384 2788 tempestate
407 2705 548 2770 interra
572 2705 725 2788 caeloque
748 2713 877 2782 coorta,
896 2788 898 2791 .

140 2819 173 2880 in
198 2821 320 2883 eaelum
343 2826 509 2902 terrasque
531 2825 674 2885 remotae
697 2821 768 2885 iura
790 2820 974 2903 facessunt3

140 2933 400 3014 quandoquidem
424 2936 468 2998 nil
492 2942 540 3000 est
560 2936 622 3001 nisi
647 2957 721 3002 raro
745 2937 879 3022 eorpori'
901 2957 1006 3003 nexu.

180 3046 249 3110 Huo
272 3049 397 3112 aooedit
419 3051 463 3114 uti
485 3071 549 3117 non
573 3053 701 3129 omnia,
719 3072 801 3133 quae
824 3053 981 3117 iaciuntur

64 3183 114 3229 999
141 3182 276 3250 corpora
298 3182 432 3245 eumque
455 3165 497 3229 ab
520 3168 636 3245 rebus,
654 3167 766 3233 eodem
791 3168 940 3252 praedita
962 3188 1058 3233 sensu

140 3283 236 3359 atque
259 3277 372 3343 eodem
395 3286 488 3363 paeto
511 3284 606 3348 rebus
629 3283 692 3347 sint
714 3284 861 3348 omnibus
883 3289 982 3367 apta.

139 3393 294 3479 principio
319 3398 435 3458 terram
458 3395 508 3458 sol
531 3397 706 3480 exquoquit
727 3405 759 3463 et
781 3398 857 3464 faeit
880 3419 956 3483 are,

142 3515 174 3572 at
195 3509 331 3593 glaciem
356 3507 502 3572 dissolvit
524 3516 556 3574 99
578 3512 652 3578 altis
675 3515 836 3580 montibus
858 3516 942 3580 altas

140 3629 367 3706 extructasque
390 3624 481 3688 nives
503 3624 602 3692 radiis
625 3629 790 3693 tabescere
813 3630 920 3710 cogit:
966 3665 976 3680 κ

64 3759 113 3807 999
140 3738 277 3823 denique
301 3758 375 3805 nera
398 3739 484 3821 lique
507 3739 540 3804 fit
562 3742 595 3805 in
617 3742 685 3807 eius
708 3749 803 3826 posta
824 3765 965 3829 vapore.

138 3925 339 3932 ...-——....-.

143 4045 192 4091 931
212 4043 296 4092 clare.
317 4040 329 4111 Η
355 4046 405 4093 938
424 4045 513 4094 ardes.
534 4039 548 4112 Η
573 4045 743 4095 9499199999
768 4043 781 4114 Η
802 4050 850 4097 941
870 4049 918 4098 mei
937 4065 1028 4114 eorpus
1045 4051 1155 4099 mixtum
1179 4048 1192 4119 Η
1213 4054 1272 4101 949·

141 4145 265 4193 superna.
287 4125 300 4196 Η
325 4132 375 4179 954
394 4132 458 4181 99911
483 4129 496 4198 ΙΙ
523 4134 572 4181 956
592 4139 765 4196 tempestatem
791 4130 804 4204 Η
830 4137 970 4214 95719999
991 4137 1004 4208 Η
1025 4140 1075 4188 998
1095 4154 1201 4203 corpore
1220 4155 1263 4193 ne·

140 4232 218 4264 xurn.
241 4215 254 4284 Η
275 4219 323 4266 96⁴2
344 4234 394 4281 quo
415 4218 428 4286 Η
450 4221 500 4268 964
519 4220 654 4272 Extractus
