2744 4658
717 256 734 320 I

164 432 325 496 dimidiam
351 437 498 514 partem,
521 449 580 495 nec
603 449 653 494 666
676 429 845 512 praefiniet
866 428 954 493 ulla.

163 568 240 631 ergo
262 565 366 610 rerum
389 545 472 611 inter
493 565 649 610 summam
672 544 900 626 minimamque
923 543 1001 627 quid
1023 545 1128 609 escit?

86 685 137 731 sno
164 663 209 726 nil
233 663 292 727 erit
314 667 348 724 ut
370 661 485 725 distet:
508 680 584 725 nam
607 661 752 743 quamvis
774 659 916 725 funditus
939 659 1042 724 omnis

163 798 287 843 summa
309 777 350 841 sit
371 776 513 853 infinita,
536 782 664 851 tamen,
687 773 880 857 parvissima
902 792 986 857 quae
1010 780 1102 851 sunt,

161 912 201 958 ex
223 892 355 957 infinitis
379 892 572 957 constabunt
594 891 739 975 partibus
762 908 887 971 acque.

164 1007 249 1090 quod
274 1007 423 1089 quoniam
444 1007 528 1071 ratio
550 1005 705 1072 reclamat
722 1026 799 1070 vera
819 1009 982 1086 negatque

162 1124 293 1189 credere
315 1140 412 1205 posse
435 1123 596 1206 animum,
619 1122 721 1186 victus
745 1120 868 1187 fateare
891 1126 1055 1185 necessest

87 1260 137 1307 666
163 1257 235 1303 6666
258 1257 297 1302 66
320 1256 403 1319 quac
427 1237 524 1302 nullis
545 1237 609 1302 iam
632 1236 781 1320 praedita
803 1236 948 1318 partibus
971 1241 1078 1300 extent

163 1360 195 1417 et
217 1351 348 1415 minima
370 1357 514 1416 constent
535 1358 671 1415 natura.
696 1370 779 1431 quae
802 1350 952 1432 quoniam
974 1356 1069 1435 sunt,

161 1464 218 1528 illa
240 1484 368 1547 quoquc
390 1484 462 1530 esse
484 1466 541 1529 tibi
564 1466 668 1530 solida
690 1475 785 1548 atque
807 1470 939 1533 aeterna
960 1466 1146 1533 latendum.

162 1579 299 1661 denique
322 1581 354 1644 ni
378 1582 525 1646 minimas
546 1581 579 1644 in
602 1582 700 1664 partis
723 1588 837 1646 cuncta
857 1583 975 1649 resolvi

163 1713 279 1777 cogere
303 1703 489 1763 consuesset
511 1717 615 1760 rerum
639 1703 754 1762 natura
776 1697 931 1773 creatrix,

88 1829 138 1876 666
162 1808 226 1873 iam
250 1810 295 1874 nil
319 1830 358 1874 ex
379 1811 444 1877 illis
464 1813 579 1876 eadem
603 1831 753 1895 reparare
776 1813 899 1876 valeret

163 1930 333 2007 propterea
354 1926 452 2007 quia,
477 1946 559 2007 quae
582 1926 689 1990 multis
712 1932 785 1990 sunt
806 1927 952 2011 partibus
973 1933 1088 2010 aucta,

163 2059 227 2102 non
249 2046 385 2123 possunt
408 2061 448 2106 66
472 2061 556 2123 quae
578 2041 675 2106 debet
696 2041 849 2125 genitalis
872 2042 992 2107 habere

162 2155 332 2233 materies,
355 2157 461 2223 varios
484 2176 646 2242 conexus,
670 2155 836 2241 pondera,
859 2157 996 2240 plagas,

161 2288 356 2353 concursus,
380 2278 504 2355 motus,
528 2291 586 2356 per
609 2290 768 2353 quaeres
791 2291 939 2355 quaeque
960 2276 1135 2355 geruntur.
1218 2352 1221 2357 ᾗ

85 2404 136 2451 665
205 2383 277 2459 Qua
298 2392 428 2468 propter·
451 2388 506 2467 qui
530 2389 694 2452 materiem
718 2406 824 2452 rerum
847 2407 919 2454 6666
941 2394 1093 2473 putarunt

163 2499 270 2583 ignem
293 2506 390 2583 atque
413 2521 452 2565 ex
474 2503 542 2585 igni
565 2523 720 2567 summam
744 2503 919 2568 consistere
943 2502 1034 2587 solo,

161 2636 279 2698 magno
302 2634 400 2700 opere
424 2637 445 2682 a
467 2635 545 2681 vera
568 2617 651 2701 lapsi
674 2617 796 2682 ratione
813 2617 982 2682 videntur.

163 2730 344 2798 Heraclitus
367 2733 424 2797 init
447 2753 580 2815 quorum
605 2733 670 2796 dux
696 2732 822 2816 proelia
843 2734 983 2815 primus,

163 2847 270 2912 clarus
293 2848 334 2912 ob
357 2847 526 2913 obscuram
549 2849 693 2933 linguam
716 2848 823 2930 magis
845 2849 927 2912 inter
950 2848 1054 2912 inanis

85 2983 137 3030 646
163 2962 301 3044 quamde
324 2965 433 3044 gravis
455 2964 539 3028 inter
561 2965 697 3042 Graios,
722 2965 775 3046 qui
797 2983 876 3029 vera
899 2962 1084 3045 requirunt:

162 3077 271 3143 omnia
294 3078 376 3142 enim
400 3078 507 3143 stolidi
530 3079 632 3164 magis
655 3078 855 3143 admirantur
879 3084 1074 3160 amantque,

163 3192 300 3260 inversis
323 3212 406 3274 quae
429 3194 487 3262 sub
509 3195 615 3260 verbis
637 3194 799 3258 latitantia
823 3200 977 3270 cernunt,

163 3327 306 3390 veraque
329 3309 523 3373 constituunt
545 3327 629 3389 quae
652 3310 737 3374 belle
760 3318 895 3393 tangere
916 3314 1051 3393 possunt

165 3422 253 3487 auris
277 3427 307 3486 et
329 3423 438 3509 lepido
463 3439 546 3503 quae
570 3428 643 3487 sunt
664 3423 775 3490 fucata
796 3444 932 3490 sonore.

85 3559 138 3607 646
207 3539 290 3602 Nam
314 3558 369 3602 cur
391 3545 457 3603 tam
479 3537 589 3603 variae
612 3557 663 3602 res
685 3546 818 3622 possent
839 3558 931 3622 osse,
955 3537 1105 3621 requiro,

164 3672 205 3718 ex
228 3672 292 3716 uno
315 3653 342 3718 si
364 3660 437 3718 sunt
460 3653 528 3736 igni
550 3673 696 3738 puroque
719 3656 872 3720 creatae?

164 3769 210 3833 nil
232 3768 402 3852 prodesset
423 3771 507 3836 eninr
531 3768 669 3834 calidum
693 3768 856 3834 denserier
879 3768 986 3852 ignem

165 3858 225 3949 nec
248 3904 321 3950 rare
343 3885 431 3971 fieri,
455 3887 480 3951 si
503 3890 612 3970 partes
635 3883 720 3967 ignis
743 3884 879 3949 eandem

165 4049 364 4058 —————..

165 4155 216 4204 619
237 4152 305 4215 quod
331 4151 344 4219 Η
372 4155 421 4202 626
441 4164 557 4206 constant
582 4156 596 4224 Η
624 4160 674 4208 628
692 4158 714 4208 si
740 4157 752 4226 Η
781 4158 828 4208 631
849 4156 927 4206 nullis
954 4152 967 4224 ii
994 4156 1045 4207 634
1064 4169 1126 4218 (luas
1152 4151 1165 4223 Η
1192 4155 1241 4206 669
1261 4157 1294 4206 66

166 4240 310 4293 omissum.
331 4236 343 4307 ll
365 4242 414 4290 646
433 4240 474 4290 Ex
491 4258 538 4295 uro
1081 4278 1083 4282 ι
