<?xml version="1.0" encoding="UTF-8"?>
<!DOCTYPE html PUBLIC "-//W3C//DTD XHTML 1.0 Transitional//EN"
    "http://www.w3.org/TR/xhtml1/DTD/xhtml1-transitional.dtd">
<html xmlns="http://www.w3.org/1999/xhtml" xml:lang="en" lang="en">
 <head>
  <title>
</title>
<meta http-equiv="Content-Type" content="text/html;charset=utf-8" />
  <meta name='ocr-system' content='tesseract 3.04.00' />
  <meta name='ocr-capabilities' content='ocr_page ocr_carea ocr_par ocr_line ocrx_word'/>
</head>
<body>
  <div class='ocr_page' id='page_1' title='image "./tlucreticarider15carugoog_0233.png"; bbox 0 0 2744 4658; ppageno 0'>
   <div class='ocr_carea' id='block_1_1' title="bbox 153 223 738 296">
    <p class='ocr_par' dir='ltr' id='par_1_1' title="bbox 153 223 738 296">
     <span class='ocr_line' id='line_1_1' title="bbox 153 223 738 296; baseline -0.012 -1"><span class='ocrx_word' id='word_1_1' title='bbox 153 231 217 296; x_wconf 77' lang='lat'>232</span> <span class='ocrx_word' id='word_1_2' title='bbox 694 223 738 288; x_wconf 93' lang='lat' dir='ltr'>VI</span> 
     </span>
    </p>
   </div>
   <div class='ocr_carea' id='block_1_2' title="bbox 81 396 1226 3707">
    <p class='ocr_par' dir='ltr' id='par_1_2' title="bbox 156 396 1070 710">
     <span class='ocr_line' id='line_1_2' title="bbox 157 396 1070 481; baseline 0 -19"><span class='ocrx_word' id='word_1_3' title='bbox 157 400 318 480; x_wconf 84' lang='lat' dir='ltr'>multaque</span> <span class='ocrx_word' id='word_1_4' title='bbox 341 403 508 481; x_wconf 87' lang='lat' dir='ltr'>praeterea</span> <span class='ocrx_word' id='word_1_5' title='bbox 529 396 717 477; x_wconf 81' lang='lat' dir='ltr'>languentia</span> <span class='ocrx_word' id='word_1_6' title='bbox 739 396 881 473; x_wconf 84' lang='lat' dir='ltr'>membra</span> <span class='ocrx_word' id='word_1_7' title='bbox 905 417 961 479; x_wconf 90' lang='lat' dir='ltr'>per</span> <span class='ocrx_word' id='word_1_8' title='bbox 983 401 1070 462; x_wconf 88' lang='lat' dir='ltr'>artus</span> 
     </span>
     <span class='ocr_line' id='line_1_3' title="bbox 158 511 1068 594; baseline -0.003 -17"><span class='ocrx_word' id='word_1_9' title='bbox 158 514 285 578; x_wconf 87' lang='lat' dir='ltr'>solvunt</span> <span class='ocrx_word' id='word_1_10' title='bbox 306 519 401 594; x_wconf 89' lang='lat' dir='ltr'>atque</span> <span class='ocrx_word' id='word_1_11' title='bbox 424 513 564 575; x_wconf 88' lang='lat' dir='ltr'>animam</span> <span class='ocrx_word' id='word_1_12' title='bbox 588 511 789 577; x_wconf 89' lang='lat' dir='ltr'>labefactant</span> <span class='ocrx_word' id='word_1_13' title='bbox 811 511 941 576; x_wconf 87' lang='lat' dir='ltr'>sedibus</span> <span class='ocrx_word' id='word_1_14' title='bbox 963 511 1068 576; x_wconf 90' lang='lat' dir='ltr'>intus.</span> 
     </span>
     <span class='ocr_line' id='line_1_4' title="bbox 156 627 940 710; baseline -0.001 -19"><span class='ocrx_word' id='word_1_15' title='bbox 156 628 294 710; x_wconf 86' lang='lat' dir='ltr'>denique</span> <span class='ocrx_word' id='word_1_16' title='bbox 317 627 343 692; x_wconf 92' lang='lat' dir='ltr'>si</span> <span class='ocrx_word' id='word_1_17' title='bbox 369 627 482 693; x_wconf 81' lang='lat' dir='ltr'>calidis</span> <span class='ocrx_word' id='word_1_18' title='bbox 506 627 602 690; x_wconf 88' lang='lat' dir='ltr'>etiam</span> <span class='ocrx_word' id='word_1_19' title='bbox 625 633 775 693; x_wconf 78' lang='lat' dir='ltr'>cunctare</span> <span class='ocrx_word' id='word_1_20' title='bbox 799 628 940 693; x_wconf 84' lang='lat' dir='ltr'>lavabris</span> 
     </span>
    </p>

    <p class='ocr_par' dir='ltr' id='par_1_3' title="bbox 81 739 1044 941">
     <span class='ocr_line' id='line_1_5' title="bbox 81 739 888 826; baseline -0.001 -21"><span class='ocrx_word' id='word_1_21' title='bbox 81 762 132 809; x_wconf 81' lang='lat' dir='ltr'>soc</span> <span class='ocrx_word' id='word_1_22' title='bbox 156 742 280 826; x_wconf 80' lang='lat' dir='ltr'>plenior</span> <span class='ocrx_word' id='word_1_23' title='bbox 303 749 334 807; x_wconf 91' lang='lat' dir='ltr'>et</span> <span class='ocrx_word' id='word_1_24' title='bbox 356 742 495 817; x_wconf 80' lang='lat' dir='ltr'>laveris,</span> <span class='ocrx_word' id='word_1_25' title='bbox 513 742 594 806; x_wconf 89' lang='lat' dir='ltr'>solio</span> <span class='ocrx_word' id='word_1_26' title='bbox 618 739 770 806; x_wconf 88' lang='lat' dir='ltr'>ferventis</span> <span class='ocrx_word' id='word_1_27' title='bbox 793 741 888 823; x_wconf 89' lang='lat' dir='ltr'>aquai</span> 
     </span>
     <span class='ocr_line' id='line_1_6' title="bbox 159 855 1044 941; baseline -0.003 -19"><span class='ocrx_word' id='word_1_28' title='bbox 159 879 257 940; x_wconf 92' lang='lat' dir='ltr'>quam</span> <span class='ocrx_word' id='word_1_29' title='bbox 281 857 377 922; x_wconf 92' lang='lat' dir='ltr'>facile</span> <span class='ocrx_word' id='word_1_30' title='bbox 400 858 432 920; x_wconf 89' lang='lat' dir='ltr'>in</span> <span class='ocrx_word' id='word_1_31' title='bbox 455 856 561 921; x_wconf 89' lang='lat' dir='ltr'>medio</span> <span class='ocrx_word' id='word_1_32' title='bbox 585 855 619 919; x_wconf 87' lang='lat' dir='ltr'>fit</span> <span class='ocrx_word' id='word_1_33' title='bbox 641 858 686 920; x_wconf 92' lang='grc'>001</span> <span class='ocrx_word' id='word_1_34' title='bbox 710 857 768 921; x_wconf 88' lang='lat' dir='ltr'>des</span> <span class='ocrx_word' id='word_1_35' title='bbox 791 877 890 941; x_wconf 85' lang='lat' dir='ltr'>saepe</span> <span class='ocrx_word' id='word_1_36' title='bbox 913 856 1044 930; x_wconf 83' lang='lat' dir='ltr'>ruinas,</span> 
     </span>
    </p>

    <p class='ocr_par' dir='ltr' id='par_1_4' title="bbox 83 971 1108 1056">
     <span class='ocr_line' id='line_1_7' title="bbox 83 971 1108 1056; baseline -0.005 -18"><span class='ocrx_word' id='word_1_37' title='bbox 83 992 131 1038; x_wconf 80' lang='grc'>003</span> <span class='ocrx_word' id='word_1_38' title='bbox 157 973 326 1037; x_wconf 80' lang='lat' dir='ltr'>concidere</span> <span class='ocrx_word' id='word_1_39' title='bbox 349 979 382 1037; x_wconf 92' lang='lat' dir='ltr'>et</span> <span class='ocrx_word' id='word_1_40' title='bbox 403 993 549 1056; x_wconf 89' lang='lat' dir='ltr'>spumam</span> <span class='ocrx_word' id='word_1_41' title='bbox 571 979 605 1036; x_wconf 91' lang='lat' dir='ltr'>ut</span> <span class='ocrx_word' id='word_1_42' title='bbox 628 972 680 1053; x_wconf 93' lang='lat' dir='ltr'>qui</span> <span class='ocrx_word' id='word_1_43' title='bbox 704 972 815 1037; x_wconf 93' lang='lat' dir='ltr'>morbo</span> <span class='ocrx_word' id='word_1_44' title='bbox 838 972 962 1036; x_wconf 88' lang='lat' dir='ltr'>mittere</span> <span class='ocrx_word' id='word_1_45' title='bbox 986 971 1108 1036; x_wconf 86' lang='lat' dir='ltr'>suevit!</span> 
     </span>
    </p>

    <p class='ocr_par' dir='ltr' id='par_1_5' title="bbox 81 1086 1226 1400">
     <span class='ocr_line' id='line_1_8' title="bbox 81 1086 1027 1171; baseline -0.002 -20"><span class='ocrx_word' id='word_1_46' title='bbox 81 1106 131 1153; x_wconf 78' lang='lat' dir='ltr'>soa</span> <span class='ocrx_word' id='word_1_47' title='bbox 158 1088 398 1168; x_wconf 85' lang='lat' dir='ltr'>carbonumque</span> <span class='ocrx_word' id='word_1_48' title='bbox 421 1086 530 1171; x_wconf 88' lang='lat' dir='ltr'>gravis</span> <span class='ocrx_word' id='word_1_49' title='bbox 552 1088 601 1151; x_wconf 90' lang='lat' dir='ltr'>vis</span> <span class='ocrx_word' id='word_1_50' title='bbox 624 1092 720 1168; x_wconf 87' lang='lat' dir='ltr'>atque</span> <span class='ocrx_word' id='word_1_51' title='bbox 743 1087 823 1152; x_wconf 91' lang='lat' dir='ltr'>odor</span> <span class='ocrx_word' id='word_1_52' title='bbox 845 1087 1027 1152; x_wconf 91' lang='lat' dir='ltr'>insinuatur</span> 
     </span>
     <span class='ocr_line' id='line_1_9' title="bbox 160 1202 1226 1286; baseline -0.002 -21"><span class='ocrx_word' id='word_1_53' title='bbox 160 1223 256 1283; x_wconf 89' lang='lat' dir='ltr'>quam</span> <span class='ocrx_word' id='word_1_54' title='bbox 279 1202 377 1267; x_wconf 91' lang='lat' dir='ltr'>facile</span> <span class='ocrx_word' id='word_1_55' title='bbox 401 1203 433 1265; x_wconf 92' lang='lat' dir='ltr'>in</span> <span class='ocrx_word' id='word_1_56' title='bbox 457 1203 641 1279; x_wconf 90' lang='lat' dir='ltr'>cerebrum,</span> <span class='ocrx_word' id='word_1_57' title='bbox 658 1203 718 1267; x_wconf 90' lang='lat' dir='ltr'>nisi</span> <span class='ocrx_word' id='word_1_58' title='bbox 742 1223 859 1284; x_wconf 92' lang='lat' dir='ltr'>aquam</span> <span class='ocrx_word' id='word_1_59' title='bbox 883 1202 1107 1286; x_wconf 84' lang='lat' dir='ltr'>praecepimus</span> <span class='ocrx_word' id='word_1_60' title='bbox 1130 1202 1226 1265; x_wconf 88' lang='lat' dir='ltr'>ante!</span> 
     </span>
     <span class='ocr_line' id='line_1_10' title="bbox 160 1317 1020 1400; baseline -0.002 -20"><span class='ocrx_word' id='word_1_61' title='bbox 160 1323 195 1380; x_wconf 90' lang='lat' dir='ltr'>at</span> <span class='ocrx_word' id='word_1_62' title='bbox 217 1338 288 1382; x_wconf 89' lang='lat' dir='ltr'>curn</span> <span class='ocrx_word' id='word_1_63' title='bbox 311 1318 454 1381; x_wconf 90' lang='lat' dir='ltr'>membra</span> <span class='ocrx_word' id='word_1_64' title='bbox 478 1317 590 1381; x_wconf 88' lang='lat' dir='ltr'>domus</span> <span class='ocrx_word' id='word_1_65' title='bbox 614 1319 757 1400; x_wconf 87' lang='lat' dir='ltr'>percepit</span> <span class='ocrx_word' id='word_1_66' title='bbox 779 1317 929 1381; x_wconf 84' lang='lat' dir='ltr'>fervidior</span> <span class='ocrx_word' id='word_1_67' title='bbox 951 1317 1020 1389; x_wconf 87' lang='lat' dir='ltr'>vis,</span> 
     </span>
    </p>

    <p class='ocr_par' dir='ltr' id='par_1_6' title="bbox 83 1432 1119 1978">
     <span class='ocr_line' id='line_1_11' title="bbox 83 1432 955 1514; baseline -0.005 -16"><span class='ocrx_word' id='word_1_68' title='bbox 83 1452 133 1498; x_wconf 80' lang='grc'>000</span> <span class='ocrx_word' id='word_1_69' title='bbox 160 1440 225 1497; x_wconf 90' lang='grc'>0000</span> <span class='ocrx_word' id='word_1_70' title='bbox 248 1432 283 1496; x_wconf 87' lang='lat' dir='ltr'>fit</span> <span class='ocrx_word' id='word_1_71' title='bbox 306 1434 386 1497; x_wconf 85' lang='lat' dir='ltr'>odor·</span> <span class='ocrx_word' id='word_1_72' title='bbox 407 1433 466 1497; x_wconf 88' lang='lat' dir='ltr'>viri</span> <span class='ocrx_word' id='word_1_73' title='bbox 491 1433 608 1514; x_wconf 87' lang='lat' dir='ltr'>plagae</span> <span class='ocrx_word' id='word_1_74' title='bbox 632 1433 811 1496; x_wconf 88' lang='lat' dir='ltr'>mactabilis</span> <span class='ocrx_word' id='word_1_75' title='bbox 833 1433 955 1496; x_wconf 86' lang='lat' dir='ltr'>instar.</span> 
     </span>
     <span class='ocr_line' id='line_1_12' title="bbox 158 1547 1119 1631; baseline -0.002 -20"><span class='ocrx_word' id='word_1_76' title='bbox 158 1568 264 1613; x_wconf 90' lang='lat' dir='ltr'>nonne</span> <span class='ocrx_word' id='word_1_77' title='bbox 288 1549 379 1613; x_wconf 85' lang='lat' dir='ltr'>vides</span> <span class='ocrx_word' id='word_1_78' title='bbox 402 1551 497 1613; x_wconf 89' lang='lat' dir='ltr'>etiam</span> <span class='ocrx_word' id='word_1_79' title='bbox 522 1556 606 1615; x_wconf 88' lang='lat' dir='ltr'>terra</span> <span class='ocrx_word' id='word_1_80' title='bbox 631 1570 757 1631; x_wconf 91' lang='lat' dir='ltr'>quoque</span> <span class='ocrx_word' id='word_1_81' title='bbox 780 1548 891 1631; x_wconf 88' lang='lat' dir='ltr'>sulpur</span> <span class='ocrx_word' id='word_1_82' title='bbox 913 1548 946 1610; x_wconf 91' lang='lat' dir='ltr'>in</span> <span class='ocrx_word' id='word_1_83' title='bbox 968 1547 1040 1630; x_wconf 91' lang='lat' dir='ltr'>ipsa</span> <span class='ocrx_word' id='word_1_84' title='bbox 1112 1590 1119 1600; x_wconf 88' lang='lat'><em>-</em></span> 
     </span>
     <span class='ocr_line' id='line_1_13' title="bbox 159 1662 1002 1751; baseline 0.002 -27"><span class='ocrx_word' id='word_1_85' title='bbox 159 1662 284 1744; x_wconf 79' lang='lat' dir='ltr'>gignier</span> <span class='ocrx_word' id='word_1_86' title='bbox 307 1670 338 1727; x_wconf 89' lang='lat' dir='ltr'>et</span> <span class='ocrx_word' id='word_1_87' title='bbox 361 1672 462 1730; x_wconf 90' lang='lat' dir='ltr'>taetro</span> <span class='ocrx_word' id='word_1_88' title='bbox 487 1685 694 1731; x_wconf 79' lang='lat' dir='ltr'>concrescere</span> <span class='ocrx_word' id='word_1_89' title='bbox 718 1664 816 1728; x_wconf 91' lang='lat' dir='ltr'>odore</span> <span class='ocrx_word' id='word_1_90' title='bbox 840 1664 1002 1751; x_wconf 58' lang='lat' dir='ltr'>le&#39;flli</span> 
     </span>
     <span class='ocr_line' id='line_1_14' title="bbox 160 1777 996 1863; baseline 0 -23"><span class='ocrx_word' id='word_1_91' title='bbox 160 1777 298 1858; x_wconf 87' lang='lat' dir='ltr'>denique</span> <span class='ocrx_word' id='word_1_92' title='bbox 321 1780 375 1843; x_wconf 90' lang='lat' dir='ltr'>ubi</span> <span class='ocrx_word' id='word_1_93' title='bbox 399 1782 524 1863; x_wconf 82' lang='lat' dir='ltr'>argenti</span> <span class='ocrx_word' id='word_1_94' title='bbox 546 1801 648 1846; x_wconf 92' lang='lat' dir='ltr'>venas</span> <span class='ocrx_word' id='word_1_95' title='bbox 672 1780 804 1860; x_wconf 85' lang='lat' dir='ltr'>aurique</span> <span class='ocrx_word' id='word_1_96' title='bbox 827 1784 996 1860; x_wconf 89' lang='lat' dir='ltr'>secuntur,</span> 
     </span>
     <span class='ocr_line' id='line_1_15' title="bbox 158 1895 869 1978; baseline 0.001 -23"><span class='ocrx_word' id='word_1_97' title='bbox 158 1895 253 1956; x_wconf 87' lang='lat' dir='ltr'>terrai</span> <span class='ocrx_word' id='word_1_98' title='bbox 277 1896 402 1977; x_wconf 88' lang='lat' dir='ltr'>penitus</span> <span class='ocrx_word' id='word_1_99' title='bbox 425 1903 603 1961; x_wconf 82' lang='lat' dir='ltr'>scrutantes</span> <span class='ocrx_word' id='word_1_100' title='bbox 627 1896 740 1961; x_wconf 89' lang='lat' dir='ltr'>abdita</span> <span class='ocrx_word' id='word_1_101' title='bbox 763 1895 869 1978; x_wconf 89' lang='lat' dir='ltr'>ferro,</span> 
     </span>
    </p>

    <p class='ocr_par' dir='ltr' id='par_1_7' title="bbox 85 2007 1072 2557">
     <span class='ocr_line' id='line_1_16' title="bbox 85 2007 945 2096; baseline -0.002 -23"><span class='ocrx_word' id='word_1_102' title='bbox 85 2027 135 2074; x_wconf 83' lang='lat'>810</span> <span class='ocrx_word' id='word_1_103' title='bbox 160 2010 265 2091; x_wconf 88' lang='lat' dir='ltr'>qualis</span> <span class='ocrx_word' id='word_1_104' title='bbox 291 2012 413 2095; x_wconf 83' lang='lat' dir='ltr'>expiret</span> <span class='ocrx_word' id='word_1_105' title='bbox 435 2011 647 2096; x_wconf 86' lang='lat' dir='ltr'>Scaptensula</span> <span class='ocrx_word' id='word_1_106' title='bbox 669 2013 779 2078; x_wconf 87' lang='lat' dir='ltr'>subter</span> <span class='ocrx_word' id='word_1_107' title='bbox 802 2007 945 2075; x_wconf 79' lang='lat' dir='ltr'>odores?</span> 
     </span>
     <span class='ocr_line' id='line_1_17' title="bbox 160 2123 969 2204; baseline 0 -19"><span class='ocrx_word' id='word_1_108' title='bbox 160 2124 276 2204; x_wconf 88' lang='lat' dir='ltr'>quidve</span> <span class='ocrx_word' id='word_1_109' title='bbox 299 2128 376 2191; x_wconf 91' lang='lat' dir='ltr'>mali</span> <span class='ocrx_word' id='word_1_110' title='bbox 399 2128 433 2190; x_wconf 84' lang='lat' dir='ltr'>tit</span> <span class='ocrx_word' id='word_1_111' title='bbox 455 2134 490 2191; x_wconf 91' lang='grc'>00</span> <span class='ocrx_word' id='word_1_112' title='bbox 512 2128 661 2192; x_wconf 85' lang='lat' dir='ltr'>exhalent</span> <span class='ocrx_word' id='word_1_113' title='bbox 683 2134 797 2191; x_wconf 88' lang='lat' dir='ltr'>aurata</span> <span class='ocrx_word' id='word_1_114' title='bbox 818 2123 969 2190; x_wconf 89' lang='lat' dir='ltr'>metalla!</span> 
     </span>
     <span class='ocr_line' id='line_1_18' title="bbox 162 2237 1072 2322; baseline 0 -23"><span class='ocrx_word' id='word_1_115' title='bbox 162 2258 244 2319; x_wconf 90' lang='lat' dir='ltr'>quas</span> <span class='ocrx_word' id='word_1_116' title='bbox 267 2241 429 2306; x_wconf 90' lang='lat' dir='ltr'>hominum</span> <span class='ocrx_word' id='word_1_117' title='bbox 453 2242 591 2306; x_wconf 89' lang='lat' dir='ltr'>reddunt</span> <span class='ocrx_word' id='word_1_118' title='bbox 613 2240 712 2305; x_wconf 88' lang='lat' dir='ltr'>facies</span> <span class='ocrx_word' id='word_1_119' title='bbox 736 2240 903 2322; x_wconf 88' lang='lat' dir='ltr'>qualisque</span> <span class='ocrx_word' id='word_1_120' title='bbox 926 2237 1072 2303; x_wconf 86' lang='lat' dir='ltr'>colores!</span> 
     </span>
     <span class='ocr_line' id='line_1_19' title="bbox 161 2356 1003 2441; baseline 0 -25"><span class='ocrx_word' id='word_1_121' title='bbox 161 2374 267 2419; x_wconf 89' lang='lat' dir='ltr'>nonne</span> <span class='ocrx_word' id='word_1_122' title='bbox 290 2356 380 2421; x_wconf 90' lang='lat' dir='ltr'>vides</span> <span class='ocrx_word' id='word_1_123' title='bbox 404 2357 537 2422; x_wconf 87' lang='lat' dir='ltr'>audisve</span> <span class='ocrx_word' id='word_1_124' title='bbox 560 2357 662 2441; x_wconf 88' lang='lat' dir='ltr'>perire</span> <span class='ocrx_word' id='word_1_125' title='bbox 685 2357 717 2420; x_wconf 94' lang='lat' dir='ltr'>in</span> <span class='ocrx_word' id='word_1_126' title='bbox 740 2363 882 2441; x_wconf 89' lang='lat' dir='ltr'>tempore</span> <span class='ocrx_word' id='word_1_127' title='bbox 905 2375 1003 2437; x_wconf 86' lang='lat' dir='ltr'>parvo</span> 
     </span>
     <span class='ocr_line' id='line_1_20' title="bbox 164 2470 941 2557; baseline 0 -24"><span class='ocrx_word' id='word_1_128' title='bbox 164 2491 260 2557; x_wconf 75' lang='lat' dir='ltr'>quam</span> <span class='ocrx_word' id='word_1_129' title='bbox 284 2470 430 2557; x_wconf 82' lang='lat' dir='ltr'>soleant,</span> <span class='ocrx_word' id='word_1_130' title='bbox 448 2478 480 2536; x_wconf 92' lang='lat' dir='ltr'>et</span> <span class='ocrx_word' id='word_1_131' title='bbox 503 2495 599 2555; x_wconf 89' lang='lat' dir='ltr'>quarn</span> <span class='ocrx_word' id='word_1_132' title='bbox 621 2473 697 2537; x_wconf 91' lang='lat' dir='ltr'>vitai</span> <span class='ocrx_word' id='word_1_133' title='bbox 722 2472 815 2554; x_wconf 91' lang='lat' dir='ltr'>copia</span> <span class='ocrx_word' id='word_1_134' title='bbox 839 2470 941 2554; x_wconf 82' lang='lat' dir='ltr'>desit,</span> 
     </span>
    </p>

    <p class='ocr_par' dir='ltr' id='par_1_8' title="bbox 86 2586 1054 2903">
     <span class='ocr_line' id='line_1_21' title="bbox 86 2586 1054 2670; baseline -0.001 -20"><span class='ocrx_word' id='word_1_135' title='bbox 86 2604 135 2651; x_wconf 82' lang='grc'>000</span> <span class='ocrx_word' id='word_1_136' title='bbox 162 2605 242 2665; x_wconf 90' lang='lat' dir='ltr'>quos</span> <span class='ocrx_word' id='word_1_137' title='bbox 266 2605 363 2670; x_wconf 91' lang='lat' dir='ltr'>opere</span> <span class='ocrx_word' id='word_1_138' title='bbox 385 2588 418 2651; x_wconf 91' lang='lat' dir='ltr'>in</span> <span class='ocrx_word' id='word_1_139' title='bbox 441 2589 497 2652; x_wconf 88' lang='lat' dir='ltr'>tali</span> <span class='ocrx_word' id='word_1_140' title='bbox 521 2589 647 2654; x_wconf 89' lang='lat' dir='ltr'>cohibet</span> <span class='ocrx_word' id='word_1_141' title='bbox 668 2589 716 2652; x_wconf 90' lang='lat' dir='ltr'>vis</span> <span class='ocrx_word' id='word_1_142' title='bbox 739 2607 860 2668; x_wconf 90' lang='lat' dir='ltr'>magna</span> <span class='ocrx_word' id='word_1_143' title='bbox 883 2586 1054 2651; x_wconf 79' lang='lat' dir='ltr'>necessis?</span> 
     </span>
     <span class='ocr_line' id='line_1_22' title="bbox 161 2701 906 2782; baseline 0.005 -19"><span class='ocrx_word' id='word_1_144' title='bbox 161 2701 220 2764; x_wconf 88' lang='lat' dir='ltr'>hos</span> <span class='ocrx_word' id='word_1_145' title='bbox 244 2701 340 2782; x_wconf 86' lang='lat' dir='ltr'>igitur</span> <span class='ocrx_word' id='word_1_146' title='bbox 362 2704 457 2768; x_wconf 89' lang='lat' dir='ltr'>tellus</span> <span class='ocrx_word' id='word_1_147' title='bbox 480 2705 582 2768; x_wconf 86' lang='lat' dir='ltr'>omnis</span> <span class='ocrx_word' id='word_1_148' title='bbox 606 2710 775 2769; x_wconf 83' lang='lat' dir='ltr'>exaestuat</span> <span class='ocrx_word' id='word_1_149' title='bbox 796 2710 906 2767; x_wconf 90' lang='lat' dir='ltr'>aestus</span> 
     </span>
     <span class='ocr_line' id='line_1_23' title="bbox 164 2816 1045 2903; baseline -0.002 -23"><span class='ocrx_word' id='word_1_150' title='bbox 164 2818 352 2901; x_wconf 81' lang='lat' dir='ltr'>expiratque</span> <span class='ocrx_word' id='word_1_151' title='bbox 376 2818 463 2883; x_wconf 90' lang='lat' dir='ltr'>foras</span> <span class='ocrx_word' id='word_1_152' title='bbox 485 2820 518 2883; x_wconf 94' lang='lat' dir='ltr'>in</span> <span class='ocrx_word' id='word_1_153' title='bbox 541 2826 685 2903; x_wconf 89' lang='lat' dir='ltr'>apertum</span> <span class='ocrx_word' id='word_1_154' title='bbox 708 2826 919 2902; x_wconf 89' lang='lat' dir='ltr'>promptaque</span> <span class='ocrx_word' id='word_1_155' title='bbox 943 2816 1045 2881; x_wconf 87' lang='lat' dir='ltr'>caeli.</span> 
     </span>
    </p>

    <p class='ocr_par' dir='ltr' id='par_1_9' title="bbox 85 2931 1076 3707">
     <span class='ocr_line' id='line_1_24' title="bbox 201 2931 1076 3027; baseline -0.002 -31"><span class='ocrx_word' id='word_1_156' title='bbox 201 2933 254 2996; x_wconf 79' lang='lat' dir='ltr'>Sic</span> <span class='ocrx_word' id='word_1_157' title='bbox 278 2953 316 2996; x_wconf 91' lang='grc'>00</span> <span class='ocrx_word' id='word_1_158' title='bbox 339 2936 468 3027; x_wconf 77' lang='lat' dir='ltr'>Averna</span> <span class='ocrx_word' id='word_1_159' title='bbox 490 2934 566 3027; x_wconf 78' lang='grc'>1000</span> <span class='ocrx_word' id='word_1_160' title='bbox 575 2933 716 3027; x_wconf 72' lang='grc'>01101000</span> <span class='ocrx_word' id='word_1_161' title='bbox 740 2932 935 2997; x_wconf 84' lang='lat' dir='ltr'>summittere</span> <span class='ocrx_word' id='word_1_162' title='bbox 957 2931 1076 2996; x_wconf 89' lang='lat' dir='ltr'>debent</span> 
     </span>
     <span class='ocr_line' id='line_1_25' title="bbox 165 3019 1057 3130; baseline -0.001 -20"><span class='ocrx_word' id='word_1_163' title='bbox 165 3048 359 3111; x_wconf 86' lang='lat' dir='ltr'>mortiferam</span> <span class='ocrx_word' id='word_1_164' title='bbox 373 3019 465 3124; x_wconf 64' lang='lat' dir='ltr'>vini,</span> <span class='ocrx_word' id='word_1_165' title='bbox 483 3022 523 3113; x_wconf 83' lang='grc'>(10</span> <span class='ocrx_word' id='word_1_166' title='bbox 546 3055 631 3112; x_wconf 89' lang='lat' dir='ltr'>terra</span> <span class='ocrx_word' id='word_1_167' title='bbox 655 3067 737 3130; x_wconf 89' lang='lat' dir='ltr'>quae</span> <span class='ocrx_word' id='word_1_168' title='bbox 760 3051 862 3130; x_wconf 88' lang='lat' dir='ltr'>surgit</span> <span class='ocrx_word' id='word_1_169' title='bbox 884 3048 918 3111; x_wconf 93' lang='lat' dir='ltr'>in</span> <span class='ocrx_word' id='word_1_170' title='bbox 940 3065 1057 3129; x_wconf 86' lang='lat' dir='ltr'>auras,</span> 
     </span>
     <span class='ocr_line' id='line_1_26' title="bbox 85 3163 977 3248; baseline -0.006 -18"><span class='ocrx_word' id='word_1_171' title='bbox 85 3183 136 3230; x_wconf 80' lang='lat' dir='ltr'>sao</span> <span class='ocrx_word' id='word_1_172' title='bbox 162 3170 196 3226; x_wconf 92' lang='grc'>00</span> <span class='ocrx_word' id='word_1_173' title='bbox 218 3163 353 3245; x_wconf 90' lang='lat' dir='ltr'>spatium</span> <span class='ocrx_word' id='word_1_174' title='bbox 378 3163 459 3228; x_wconf 85' lang='lat' dir='ltr'>caeli</span> <span class='ocrx_word' id='word_1_175' title='bbox 483 3164 618 3246; x_wconf 88' lang='lat' dir='ltr'>quadam</span> <span class='ocrx_word' id='word_1_176' title='bbox 643 3165 683 3227; x_wconf 92' lang='lat' dir='ltr'>de</span> <span class='ocrx_word' id='word_1_177' title='bbox 706 3171 796 3248; x_wconf 91' lang='lat' dir='ltr'>parte</span> <span class='ocrx_word' id='word_1_178' title='bbox 818 3169 977 3228; x_wconf 88' lang='lat' dir='ltr'>venenet:</span> 
     </span>
     <span class='ocr_line' id='line_1_27' title="bbox 162 3277 1051 3362; baseline 0.002 -23"><span class='ocrx_word' id='word_1_179' title='bbox 162 3298 223 3358; x_wconf 95' lang='lat' dir='ltr'>quo</span> <span class='ocrx_word' id='word_1_180' title='bbox 247 3277 339 3340; x_wconf 93' lang='lat' dir='ltr'>simul</span> <span class='ocrx_word' id='word_1_181' title='bbox 363 3298 402 3342; x_wconf 91' lang='lat' dir='ltr'>ae</span> <span class='ocrx_word' id='word_1_182' title='bbox 423 3279 559 3362; x_wconf 86' lang='lat' dir='ltr'>primurn</span> <span class='ocrx_word' id='word_1_183' title='bbox 582 3280 695 3362; x_wconf 88' lang='lat' dir='ltr'>pennis</span> <span class='ocrx_word' id='word_1_184' title='bbox 718 3280 827 3343; x_wconf 89' lang='lat' dir='ltr'>delata</span> <span class='ocrx_word' id='word_1_185' title='bbox 850 3280 890 3344; x_wconf 88' lang='lat' dir='ltr'>sit</span> <span class='ocrx_word' id='word_1_186' title='bbox 912 3278 999 3360; x_wconf 87' lang='lat' dir='ltr'>ales,</span> <span class='ocrx_word' id='word_1_187' title='bbox 1049 3325 1051 3328; x_wconf 21' lang='grc' dir='ltr'><strong><em>ι</em></strong></span> 
     </span>
     <span class='ocr_line' id='line_1_28' title="bbox 160 3391 874 3478; baseline 0.007 -24"><span class='ocrx_word' id='word_1_188' title='bbox 160 3391 352 3474; x_wconf 89' lang='lat' dir='ltr'>impediatur</span> <span class='ocrx_word' id='word_1_189' title='bbox 374 3393 418 3457; x_wconf 93' lang='lat' dir='ltr'>ibi</span> <span class='ocrx_word' id='word_1_190' title='bbox 442 3414 537 3458; x_wconf 91' lang='lat' dir='ltr'>caeco</span> <span class='ocrx_word' id='word_1_191' title='bbox 562 3399 708 3477; x_wconf 89' lang='lat' dir='ltr'>correpta</span> <span class='ocrx_word' id='word_1_192' title='bbox 729 3414 874 3478; x_wconf 90' lang='lat' dir='ltr'>veneno,</span> 
     </span>
     <span class='ocr_line' id='line_1_29' title="bbox 162 3508 988 3592; baseline 0.002 -23"><span class='ocrx_word' id='word_1_193' title='bbox 162 3513 196 3569; x_wconf 92' lang='lat' dir='ltr'>ut</span> <span class='ocrx_word' id='word_1_194' title='bbox 219 3508 315 3571; x_wconf 86' lang='lat' dir='ltr'>cadat</span> <span class='ocrx_word' id='word_1_195' title='bbox 337 3529 354 3572; x_wconf 92' lang='lat' dir='ltr'>e</span> <span class='ocrx_word' id='word_1_196' title='bbox 377 3509 511 3590; x_wconf 86' lang='lat' dir='ltr'>regione</span> <span class='ocrx_word' id='word_1_197' title='bbox 535 3509 615 3592; x_wconf 89' lang='lat' dir='ltr'>loci,</span> <span class='ocrx_word' id='word_1_198' title='bbox 634 3528 698 3589; x_wconf 90' lang='lat' dir='ltr'>qua</span> <span class='ocrx_word' id='word_1_199' title='bbox 721 3509 838 3590; x_wconf 85' lang='lat' dir='ltr'>derigit</span> <span class='ocrx_word' id='word_1_200' title='bbox 861 3515 988 3573; x_wconf 90' lang='lat' dir='ltr'>aestus.</span> 
     </span>
     <span class='ocr_line' id='line_1_30' title="bbox 163 3621 1004 3707; baseline 0.001 -22"><span class='ocrx_word' id='word_1_201' title='bbox 163 3642 225 3703; x_wconf 94' lang='lat' dir='ltr'>quo</span> <span class='ocrx_word' id='word_1_202' title='bbox 250 3643 321 3687; x_wconf 91' lang='lat' dir='ltr'>eum</span> <span class='ocrx_word' id='word_1_203' title='bbox 344 3625 485 3707; x_wconf 90' lang='lat' dir='ltr'>conruit,</span> <span class='ocrx_word' id='word_1_204' title='bbox 504 3621 561 3687; x_wconf 88' lang='lat' dir='ltr'>hic.</span> <span class='ocrx_word' id='word_1_205' title='bbox 578 3624 693 3688; x_wconf 89' lang='lat' dir='ltr'>eadem</span> <span class='ocrx_word' id='word_1_206' title='bbox 717 3624 765 3688; x_wconf 90' lang='lat' dir='ltr'>vis</span> <span class='ocrx_word' id='word_1_207' title='bbox 786 3624 873 3688; x_wconf 90' lang='grc'>111100</span> <span class='ocrx_word' id='word_1_208' title='bbox 896 3630 1004 3688; x_wconf 89' lang='lat' dir='ltr'>aestus</span> 
     </span>
    </p>
   </div>
   <div class='ocr_carea' id='block_1_3' title="bbox 163 3952 1288 4288">
    <p class='ocr_par' dir='ltr' id='par_1_10' title="bbox 163 3952 1288 4288">
     <span class='ocr_line' id='line_1_31' title="bbox 165 3952 1288 4024; baseline 0.005 -22"><span class='ocrx_word' id='word_1_209' title='bbox 165 3956 214 4003; x_wconf 82' lang='grc'>798</span> <span class='ocrx_word' id='word_1_210' title='bbox 232 3954 388 4003; x_wconf 84' lang='lat' dir='ltr'>labefaciant</span> <span class='ocrx_word' id='word_1_211' title='bbox 412 3952 424 4021; x_wconf 68' lang='lat' dir='ltr'>ll</span> <span class='ocrx_word' id='word_1_212' title='bbox 453 3958 501 4004; x_wconf 78' lang='grc'>199</span> <span class='ocrx_word' id='word_1_213' title='bbox 522 3965 638 4006; x_wconf 89' lang='lat' dir='ltr'>cunctere</span> <span class='ocrx_word' id='word_1_214' title='bbox 665 3955 677 4024; x_wconf 78' lang='grc' dir='ltr'>Η</span> <span class='ocrx_word' id='word_1_215' title='bbox 702 3958 753 4006; x_wconf 83' lang='lat'>800</span> <span class='ocrx_word' id='word_1_216' title='bbox 776 3956 887 4005; x_wconf 87' lang='lat' dir='ltr'>efflueris</span> <span class='ocrx_word' id='word_1_217' title='bbox 914 3952 926 4022; x_wconf 75' lang='lat' dir='ltr'>ll</span> <span class='ocrx_word' id='word_1_218' title='bbox 953 3957 1001 4004; x_wconf 88' lang='lat'>801</span> <span class='ocrx_word' id='word_1_219' title='bbox 1029 3955 1060 4003; x_wconf 85' lang='lat' dir='ltr'>de</span> <span class='ocrx_word' id='word_1_220' title='bbox 1084 3953 1097 4021; x_wconf 78' lang='grc' dir='ltr'>Η</span> <span class='ocrx_word' id='word_1_221' title='bbox 1124 3959 1173 4005; x_wconf 83' lang='grc'>793</span> <span class='ocrx_word' id='word_1_222' title='bbox 1196 3973 1288 4020; x_wconf 87' lang='lat' dir='ltr'>pumos</span> 
     </span>
     <span class='ocr_line' id='line_1_32' title="bbox 163 4040 1286 4112; baseline 0.005 -23"><span class='ocrx_word' id='word_1_223' title='bbox 163 4043 205 4105; x_wconf 90' lang='lat' dir='ltr'>qui</span> <span class='ocrx_word' id='word_1_224' title='bbox 227 4040 240 4108; x_wconf 76' lang='grc' dir='ltr'>Η</span> <span class='ocrx_word' id='word_1_225' title='bbox 261 4045 310 4091; x_wconf 83' lang='grc'>803</span> <span class='ocrx_word' id='word_1_226' title='bbox 331 4043 457 4091; x_wconf 86' lang='lat' dir='ltr'>celebrum</span> <span class='ocrx_word' id='word_1_227' title='bbox 482 4040 495 4110; x_wconf 72' lang='lat' dir='ltr'>ll</span> <span class='ocrx_word' id='word_1_228' title='bbox 516 4060 582 4105; x_wconf 88' lang='lat' dir='ltr'>aqua</span> <span class='ocrx_word' id='word_1_229' title='bbox 601 4043 614 4109; x_wconf 71' lang='lat' dir='ltr'>ll</span> <span class='ocrx_word' id='word_1_230' title='bbox 636 4047 686 4092; x_wconf 74' lang='grc'>804</span> <span class='ocrx_word' id='word_1_231' title='bbox 706 4046 812 4093; x_wconf 82' lang='lat' dir='ltr'>domnus</span> <span class='ocrx_word' id='word_1_232' title='bbox 833 4044 845 4109; x_wconf 82' lang='grc' dir='ltr'>Η</span> <span class='ocrx_word' id='word_1_233' title='bbox 867 4044 1004 4092; x_wconf 74' lang='grc'>1000010000</span> <span class='ocrx_word' id='word_1_234' title='bbox 1024 4041 1037 4111; x_wconf 79' lang='grc' dir='ltr'>Η</span> <span class='ocrx_word' id='word_1_235' title='bbox 1059 4047 1108 4092; x_wconf 79' lang='grc'>805</span> <span class='ocrx_word' id='word_1_236' title='bbox 1128 4046 1179 4092; x_wconf 82' lang='lat' dir='ltr'>vini</span> <span class='ocrx_word' id='word_1_237' title='bbox 1200 4043 1214 4112; x_wconf 77' lang='grc' dir='ltr'>Η</span> <span class='ocrx_word' id='word_1_238' title='bbox 1235 4049 1286 4095; x_wconf 80' lang='grc'>806</span> 
     </span>
     <span class='ocr_line' id='line_1_33' title="bbox 164 4127 1286 4200; baseline 0.004 -23"><span class='ocrx_word' id='word_1_239' title='bbox 164 4131 236 4193; x_wconf 80' lang='lat' dir='ltr'>ipso.</span> <span class='ocrx_word' id='word_1_240' title='bbox 258 4129 270 4196; x_wconf 86' lang='grc' dir='ltr'>ΙΙ</span> <span class='ocrx_word' id='word_1_241' title='bbox 292 4134 342 4180; x_wconf 86' lang='grc'>808</span> <span class='ocrx_word' id='word_1_242' title='bbox 361 4141 467 4194; x_wconf 82' lang='lat' dir='ltr'>argento</span> <span class='ocrx_word' id='word_1_243' title='bbox 488 4127 500 4197; x_wconf 74' lang='lat' dir='ltr'>ll</span> <span class='ocrx_word' id='word_1_244' title='bbox 522 4135 567 4178; x_wconf 88' lang='grc'>811</span> <span class='ocrx_word' id='word_1_245' title='bbox 585 4133 706 4180; x_wconf 86' lang='lat' dir='ltr'>metulla.</span> <span class='ocrx_word' id='word_1_246' title='bbox 727 4130 740 4199; x_wconf 74' lang='grc' dir='ltr'>Η</span> <span class='ocrx_word' id='word_1_247' title='bbox 761 4135 811 4180; x_wconf 86' lang='grc'>818</span> <span class='ocrx_word' id='word_1_248' title='bbox 831 4133 919 4180; x_wconf 85' lang='lat' dir='ltr'>audire</span> <span class='ocrx_word' id='word_1_249' title='bbox 939 4130 952 4199; x_wconf 72' lang='grc' dir='ltr'>Η</span> <span class='ocrx_word' id='word_1_250' title='bbox 974 4134 1024 4181; x_wconf 79' lang='grc'>815</span> <span class='ocrx_word' id='word_1_251' title='bbox 1037 4142 1178 4182; x_wconf 83' lang='lat' dir='ltr'>necessest.</span> <span class='ocrx_word' id='word_1_252' title='bbox 1200 4131 1213 4200; x_wconf 90' lang='grc' dir='ltr'>ΙΙ</span> <span class='ocrx_word' id='word_1_253' title='bbox 1235 4136 1286 4182; x_wconf 87' lang='grc'>818</span> 
     </span>
     <span class='ocr_line' id='line_1_34' title="bbox 167 4218 824 4288; baseline 0.003 -22"><span class='ocrx_word' id='word_1_254' title='bbox 167 4228 192 4266; x_wconf 84' lang='grc'>00</span> <span class='ocrx_word' id='word_1_255' title='bbox 210 4220 224 4286; x_wconf 79' lang='grc' dir='ltr'>Η</span> <span class='ocrx_word' id='word_1_256' title='bbox 245 4219 327 4266; x_wconf 87' lang='grc'>1000000</span> <span class='ocrx_word' id='word_1_257' title='bbox 347 4219 440 4268; x_wconf 85' lang='lat' dir='ltr'>alitbus</span> <span class='ocrx_word' id='word_1_258' title='bbox 460 4218 472 4285; x_wconf 69' lang='grc' dir='ltr'>Η</span> <span class='ocrx_word' id='word_1_259' title='bbox 493 4221 544 4266; x_wconf 77' lang='lat'>820</span> <span class='ocrx_word' id='word_1_260' title='bbox 563 4220 659 4282; x_wconf 88' lang='lat' dir='ltr'>patium</span> <span class='ocrx_word' id='word_1_261' title='bbox 680 4218 693 4288; x_wconf 70' lang='lat' dir='ltr'>lt</span> <span class='ocrx_word' id='word_1_262' title='bbox 714 4220 824 4281; x_wconf 85' lang='lat' dir='ltr'>quodam</span> 
     </span>
    </p>
   </div>
   <div class='ocr_carea' id='block_1_4' title="bbox 0 0 1388 4658">
    <p class='ocr_par' dir='ltr' id='par_1_11' title="bbox 0 0 1388 4658">
     <span class='ocr_line' id='line_1_35' title="bbox 0 0 1388 4658; baseline 0 0"><span class='ocrx_word' id='word_1_263' title='bbox 0 0 1388 4658; x_wconf 95' lang='lat' dir='ltr'> </span> 
     </span>
    </p>
   </div>
  </div>
 </body>
</html>
