2744 4658
421 1062 469 1143 T.
501 1060 794 1144 LUGRETI
825 1059 982 1144 CARI

246 1298 364 1394 nn
410 1223 1153 1403 nunuu'uuuunu

486 1547 627 1609 uinea
654 1545 920 1629 seeupnus

139 2019 276 2150 suave,
301 2068 381 2131 mari
406 2089 520 2150 magne
544 2068 743 2132 turbantibus
767 2089 909 2150 aequora
931 2070 1054 2149 ventis,

139 2201 156 2244 e
180 2189 265 2246 terra
289 2203 438 2264 maguum
463 2183 595 2246 alterius
619 2189 763 2265 spectare
788 2183 951 2264 laberem3

139 2317 203 2359 nnn
227 2297 303 2378 quia
326 2298 434 2361 vexari
458 2304 682 2379 quemquamst
706 2297 845 2361 ineunda
868 2298 1036 2382 voluptas,

138 2411 195 2476 sed
220 2412 335 2497 quibus
357 2413 427 2494 ipse
450 2411 545 2475 malis
569 2431 680 2476 careas
704 2412 779 2492 quia
803 2432 933 2477 cernere
956 2432 1055 2478 suave
1078 2420 1146 2477 est:

99 2548 112 2592 e
140 2547 239 2591 suave
263 2527 360 2590 etiam
383 2526 463 2590 belli·
483 2527 655 2590 certamina
678 2547 796 2607 magna
819 2528 900 2591 tueri

100 2662 114 2706 5
141 2659 197 2724 per
220 2660 352 2726 eampos
375 2642 548 2723 instructa,
572 2648 628 2704 tua
652 2641 720 2705 sine
743 2646 835 2725 parte
857 2642 989 2724 perieli:

101 2777 113 2820 r
141 2755 197 2819 sed
220 2755 265 2819 nil
288 2756 413 2822 dulcius
436 2763 504 2840 est,
528 2758 609 2820 bene
633 2777 730 2837 quam
752 2755 874 2817 munita
896 2763 1004 2820 tenere

139 2870 225 2934 edita
248 2870 393 2935 doctrina
417 2872 598 2955 sapientum
621 2870 741 2953 templa
764 2889 899 2944 serena,

141 2985 308 3068 despicere
331 2986 416 3049 unde
440 3006 542 3069 queas
564 2986 645 3050 alies
668 2985 852 3069 passimque
876 2985 984 3050 videre

84 3122 115 3167 10
141 3118 247 3164 errare
271 3106 368 3179 atque
391 3100 476 3164 viam
498 3102 639 3185 palantis
663 3119 816 3182 quaerere
839 3099 944 3177 vitae,

139 3219 262 3279 certare
284 3214 434 3299 iugenio,
458 3216 652 3281 contendere
674 3214 861 3298 nobilitate,

140 3334 251 3393 nentes
275 3335 369 3410 atque
394 3330 461 3395 dies
484 3331 540 3393 niti
564 3335 749 3415 praestante
773 3330 883 3394 labore

141 3444 182 3507 ad
206 3464 347 3508 summas
371 3463 535 3528 emergere
559 3465 635 3528 opes
659 3463 829 3525 rerumque
852 3444 967 3528 potiri.

86 3549 161 3639 isi)
184 3559 319 3623 miseras
342 3534 505 3624 imminum
528 3569 670 3644 mentes,
694 3582 712 3624 0
736 3564 866 3643 pentorn
889 3560 1007 3623 neena!

87 3697 117 3743 15
142 3674 292 3757 qualibus
314 3675 348 3738 iu
370 3677 512 3740 tenebris
534 3676 617 3739 vitae
641 3674 832 3757 quantisque
855 3675 983 3759 perielis

131 3790 268 3870 ‘degitur
290 3790 352 3855 hee
375 3790 446 3854 aevi
469 3789 554 3871 quud
577 3790 762 3871 cumquest!
785 3809 891 3853 noune
912 3788 1022 3855 videre

141 3905 187 3969 nil
210 3905 301 3969 aliud
323 3904 383 3970 sibi
406 3912 554 3969 naturam
576 3905 716 3982 latrare,
738 3903 801 3969 nisi
823 3910 875 3987 ut,
900 3903 951 3968 eui
990 3965 992 3968 ,

38 4152 41 4156 ’
144 4152 175 4198 12
195 4149 315 4212 piabere.
337 4145 350 4215 Η
374 4149 404 4197 15
423 4148 541 4212 perietis.
563 4146 576 4216 Η
600 4152 630 4197 17
651 4149 712 4210 qui.
