2744 4658
722 247 751 311 V

169 437 243 482 nam
267 417 352 498 quod
376 417 469 482 adest
491 426 640 503 praesto,
657 420 716 484 nisi
742 420 816 501 quid
840 420 1047 504 eognovimus
1070 430 1144 487 ante

170 532 321 616 suavius,
338 532 372 597 in
393 534 504 618 primis
526 535 633 618 plaoet
655 543 687 600 et
710 540 832 621 pollere
854 538 1001 618 videtur,

168 649 391 732 posteriorque
413 648 480 716 fere
503 651 614 715 melior
637 671 688 716 res
711 654 767 717 illa
789 661 915 739 reperta

82 783 152 831 1415
169 763 275 848 perdit
298 769 330 829 et
351 765 498 830 immutat
520 786 635 832 sensus
658 769 699 831 ad
721 768 858 853 pristina
881 788 1048 851 quaeque.

168 880 216 946 sio
239 880 346 944 odium
369 882 475 965 eoepit
497 883 646 965 glandis,
664 885 710 949 sio
733 885 789 948 illa
812 885 923 950 reliota

168 1001 270 1061 strata
292 996 409 1060 cubilia
432 1004 505 1061 sunt
526 998 634 1064 herbis
657 1006 689 1064 et
711 999 878 1066 frondibus
903 1007 1016 1065 auota.

167 1111 264 1196 pellis
287 1111 360 1174 item
385 1112 499 1177 oeoidit
521 1115 617 1180 vestis
641 1122 822 1199 oontempta
843 1115 987 1194 ferinae3

171 1245 267 1307 quam
289 1245 363 1291 1001·
384 1226 506 1292 invidia
527 1230 582 1293 tali
605 1237 678 1294 tuno
701 1250 774 1296 esse
796 1236 975 1316 repertam,

82 1363 152 1411 1420
170 1347 207 1406 ut
228 1342 323 1404 letum
348 1341 473 1407 insidiis
496 1345 550 1425 qui
572 1346 671 1429 gessit
694 1347 812 1429 primus
836 1346 959 1430 obiret,

168 1463 200 1522 et
223 1461 331 1521 tamen
353 1457 435 1522 inter
458 1479 513 1523 eos
537 1460 722 1526 distraotam
748 1463 902 1545 sanguine
926 1463 1022 1527 multo

168 1572 355 1656 disperiisse
378 1593 481 1656 neque
503 1575 534 1637 in
559 1574 695 1640 fruotum
719 1585 904 1641 convertere
927 1578 1056 1660 quisse.

167 1693 243 1752 tuno
264 1687 360 1770 igitur
383 1689 505 1774 pelles,
522 1711 606 1755 nuno
628 1713 741 1756 aurum
765 1700 795 1756 et
818 1712 957 1775 purpura
981 1693 1065 1757 euris

168 1810 318 1869 exercent
339 1803 503 1869 hominum
527 1807 626 1871 vitam
648 1807 800 1888 belloque
822 1807 975 1891 fatigant3

92 1937 233 2000 14100110
256 1919 362 2002 magis
384 1920 416 1983 in
439 1921 552 2003 uobis,
569 1928 604 1984 ut
626 1922 758 2005 opinor,
776 1923 870 2007 eulpa
892 1923 1030 1987 resedit.

171 2031 269 2116 frigus
292 2034 375 2099 enim
400 2036 502 2101 nudos
527 2037 595 2101 sine
618 2036 757 2120 pellibus
780 2039 984 2104 exoruoiabat

169 2149 369 2231 terrigenas:
388 2158 421 2216 at
443 2171 502 2218 nos
524 2153 570 2216 nil
592 2152 692 2218 laedit
713 2160 803 2218 veste
826 2172 936 2218 oarere

165 2285 329 2350 purpurea
352 2272 449 2348 atque
472 2289 548 2334 auro
572 2270 736 2351 signisque
758 2269 943 2351 ingentibus
965 2276 1062 2353 apta,

166 2381 243 2445 dum
265 2381 392 2466 plebeia
419 2388 528 2447 tamen
551 2383 611 2463 sit,
628 2404 710 2467 quae
734 2383 908 2450 defendere
930 2384 1053 2469 possit.

82 2517 151 2566 1400
169 2517 247 2582 ergo
271 2497 433 2562 hominum
457 2517 559 2580 genus
580 2500 614 2563 in
637 2519 762 2564 cassum
785 2498 966 2581 frustraque
989 2499 1115 2563 laborat

168 2631 297 2698 seraper
319 2619 351 2678 et
372 2613 405 2677 in
428 2614 511 2678 euris
534 2615 690 2678 eonsumit
712 2613 862 2677 inanibus
885 2633 1020 2689 aevom,

167 2730 202 2794 ni
224 2729 356 2805 mirum,
374 2729 450 2813 quia
471 2749 536 2795 non
560 2732 709 2814 cognovit
732 2749 815 2813 quae
838 2729 879 2794 sit
901 2728 1041 2794 habendi

166 2844 241 2911 finis
264 2851 295 2911 et
317 2847 445 2912 omniuo
470 2868 532 2929 quo
556 2847 599 2912 ad
622 2856 743 2914 oresoat
765 2866 841 2911 vera
863 2847 1029 2930 voluptas:

167 2959 266 3044 idque
287 2961 465 3027 minutatim
488 2963 583 3026 vitam
605 2944 752 3046 provexit
774 2965 806 3028 in
829 2964 929 3028 altum

83 3084 203 3144 140001
224 3076 301 3143 belli
324 3097 459 3160 magnos
482 3079 651 3143 commovit
673 3077 815 3143 funditus
838 3077 987 3166 aestus]

208 3192 252 3257 At
273 3192 388 3275 vigiles
410 3193 520 3256 mundi
542 3214 691 3277 magnum
714 3193 863 3258 versatili'
886 3194 1037 3277 templum

170 3308 221 3373 sol
244 3314 276 3372 et
297 3308 373 3373 luna
395 3327 454 3373 suo
478 3308 648 3374 lustrantes
672 3309 790 3375 lumine
814 3309 932 3374 oiroum

168 3422 367 3508 perdocuere
390 3422 535 3487 homiues
558 3442 714 3488 annorum
738 3431 883 3508 tempora
904 3422 985 3488 verti

169 3545 203 3604 et
225 3543 312 3603 oerta
334 3539 458 3603 ratione
481 3538 552 3619 geri
575 3559 642 3605 rem
666 3546 763 3622 atque
786 3540 897 3603 ordine
920 3543 1027 3603 eerto.

87 3675 154 3722 1440
212 3655 281 3718 lam
304 3654 420 3719 validis
443 3655 546 3738 saepti
569 3656 730 3736 degebant
752 3654 892 3719 turribus
915 3651 1049 3728 aevom,

170 3775 203 3835 et
224 3768 329 3834 divisa
351 3769 515 3834 colebatur
537 3770 740 3854 discretaque
763 3770 878 3854 tellus,

171 3942 374 3949 ——---

175 4046 243 4096 1416
257 4044 343 4108 sigilla
364 4041 376 4112 Η
399 4045 465 4093 1418
480 4043 576 4093 ferina.
593 4041 606 4111 Η
628 4046 694 4093 1419
707 4059 774 4093 nuno
796 4040 809 4110 b
830 4045 896 4093 1425
910 4044 953 4092 ina
974 4040 986 4109 ll
1009 4043 1074 4091 1429
1088 4040 1188 4105 plebela
1202 4038 1215 4106 Η
1231 4042 1296 4090 1431

173 4134 201 4184 111
220 4133 361 4184 omissum.
383 4128 395 4199 b
419 4134 484 4182 1436
504 4133 620 4184 versatile
641 4128 654 4199 Η
677 4134 744 4181 1440
763 4132 872 4198 degebat
891 4128 905 4199 ΙΙ
927 4134 992 4180 1441
1013 4130 1187 4191 disceretaque
