2744 4658
714 231 742 294 V

164 408 252 467 terra
275 402 369 478 sit‚e
391 410 476 466 terra
499 403 648 484 quoniam
673 411 747 467 sunt
768 410 883 470 cuncta
904 413 1034 470 creata.

89 558 93 562 Α
124 492 138 516 ’
164 516 330 614 multaque
352 537 436 582 nunc
459 518 552 581 etiam
576 517 714 582 existunt
736 519 888 584 animalia
909 521 1022 598 terris,

164 630 318 696 imbribus
342 637 373 695 et
396 631 502 696 calido
526 631 605 696 solis
627 639 774 698 concreta
796 654 936 718 vapore;

165 765 229 827 quo
252 745 356 809 minus
378 750 427 811 est
449 745 582 829 mirum,
600 747 627 811 si
650 754 716 811 turn
739 755 813 829 sunt
834 750 927 832 plura
949 757 1059 814 coorta

82 880 138 927 sco
165 865 198 923 et
218 860 361 936 maiora,
377 880 461 924 nova
483 860 598 924 tellure
622 867 718 942 etque
740 863 868 928 aethere
890 863 1023 929 adulta.

163 973 320 1058 principio
344 993 447 1054 genus
469 974 603 1038 alituum
627 976 799 1057 variaeque
822 977 967 1042 volucres

163 1106 227 1152 ova
248 1088 472 1170 relinquebant
494 1090 643 1154 exclusae
667 1099 810 1174 tempore
832 1111 951 1168 verno,

160 1202 322 1267 folliculos
344 1208 379 1266 nt
403 1224 487 1269 nuno
508 1203 619 1268 teretis
641 1211 764 1270 aestate
788 1205 921 1270 cicadae

161 1316 285 1381 lincunt
307 1324 419 1400 sponte
442 1337 501 1381 sua
522 1317 639 1382 victum
661 1320 823 1401 vitamque
845 1327 1009 1403 petentes.

80 1454 134 1500 soa
160 1438 228 1496 tum
251 1430 309 1494 tibi
331 1438 417 1496 terra
439 1431 528 1496 dedit
549 1433 669 1516 passim
692 1434 839 1499 mortalie
860 1435 988 1499 saecla.

126 1599 129 1603 ,
159 1545 278 1610 multus
301 1545 384 1611 enirn
407 1547 497 1611 calor
519 1554 616 1627 atque
639 1568 729 1612 umor
752 1551 926 1633 superabat
947 1551 981 1614 in
1004 1551 1110 1615 arvis:

160 1661 224 1725 hoo
246 1661 302 1726 ubi
324 1680 471 1743 quaeque
494 1663 556 1727 loci
580 1664 668 1747 regio
693 1671 871 1747 opportuna
896 1663 1054 1741 dabatur,

159 1775 348 1841 crescebant
369 1777 449 1840 uteri
471 1783 591 1841 terram
613 1777 775 1842 radicibus
799 1778 884 1861 apti3

164 1910 241 1972 qnos
264 1890 319 1953 ubi
341 1897 486 1972 ternpore
509 1898 631 1955 maturo
655 1891 873 1974 patefecerat
896 1900 1003 1957 aestus

87 2025 139 2072 sro
163 2005 314 2071 infantum
328 2056 336 2083 ‚
351 2004 480 2085 fugiens
503 2022 646 2068 umorem
669 2025 830 2086 aurasque
852 2012 1040 2091 petessens,

158 2118 368 2186 convertebat
388 2119 432 2184 ibi
455 2125 569 2182 natura
591 2119 751 2184 foramina
773 2128 878 2185 terrae

157 2241 190 2301 ct
212 2255 321 2300 sucum
344 2237 435 2301 venis
458 2234 595 2321 cogebat
616 2234 750 2299 fundere
773 2236 894 2319 apertis

157 2351 358 2417 consimilem
380 2352 493 2426 lactis,
510 2351 591 2414 sicut
612 2370 696 2413 nunc
719 2349 841 2414 femina
864 2372 1013 2434 quaeque

156 2486 231 2532 eum
252 2467 395 2552 peperit,
412 2466 496 2531 dulci
520 2464 658 2547 repletur
680 2464 784 2540 lacte,
802 2465 888 2545 quod
911 2468 1014 2533 omnis

82 2601 132 2648 815
156 2581 294 2666 impetus
315 2582 348 2645 in
371 2600 528 2645 mammas
552 2578 747 2644 convertitur
768 2579 824 2643 ille
847 2580 1011 2646 alimenti.

157 2703 246 2762 tarra
268 2695 372 2761 cibum
395 2697 521 2781 pueris,
538 2702 659 2760 vestem
683 2714 805 2777 vapor,
821 2693 924 2759 herba
946 2696 1050 2760 cubile

155 2812 334 2896 praebebat
355 2812 455 2875 multa
478 2819 510 2876 et
532 2810 618 2875 molli
643 2808 797 2891 lanugine
821 2810 1011 2874 abundans.

156 2932 192 2991 at
212 2926 340 2992 novitas
362 2926 471 2990 mundi
494 2946 556 2990 nec
578 2924 699 3007 frigora
721 2924 803 2988 dura
827 2923 930 2990 ciebat

156 3060 217 3107 nec
238 3040 356 3105 nimios
377 3048 484 3106 aestus
505 3059 565 3104 neo
587 3039 716 3119 magnis
737 3039 857 3103 viribus
880 3060 998 3105 auras.

84 3177 133 3224 820
156 3155 265 3222 omnia
288 3154 372 3220 enim
394 3154 515 3239 pariter
538 3160 683 3219 crescunt
704 3160 735 3216 et
756 3154 873 3217 robora
896 3159 1042 3218 sumunt.

196 3271 304 3348 Quare
328 3269 424 3334 etiarn
448 3276 543 3350 atque
566 3268 661 3332 etiam
685 3274 861 3332 maternum
886 3287 1001 3330 nornen
1024 3268 1143 3354 adepta

156 3391 242 3450 terra
264 3389 351 3448 tenet
373 3383 504 3465 merito,
522 3382 671 3464 quoniam
695 3365 797 3466 gebus
820 3382 890 3466 ipsa
913 3382 1034 3447 crearit

157 3500 331 3570 humanum
354 3505 449 3580 atque
473 3498 592 3561 animal
614 3517 716 3582 prope
740 3502 825 3561 certo
848 3503 993 3581 tempore
1015 3495 1098 3560 fudit

156 3635 249 3680 omne
264 3665 272 3690 ‚
289 3615 375 3696 quod
398 3613 430 3677 in
453 3612 580 3694 magnis
604 3611 777 3677 bacchatur
799 3611 951 3676 montibu'
974 3611 1115 3695 passim,

80 3751 130 3799 825
156 3729 324 3813 oenomao
346 3729 439 3794 simul
460 3728 607 3792 volucres
629 3726 817 3791 variantibu’
841 3725 972 3790 formis.

155 3844 213 3910 scd
235 3844 312 3927 qnia
333 3843 428 3909 finem
452 3842 591 3924 aliquam
613 3840 760 3925 pariendi
782 3840 879 3906 debet
899 3838 1041 3924 habere,

160 4122 209 4170 799
228 4129 268 4170 tus
288 4121 301 4185 ΙΙ
327 4121 378 4169 800
396 4119 493 4168 mciore
514 4116 527 4185 Η
552 4121 601 4168 802
621 4117 780 4180 reliqnebcnt
801 4114 813 4184 ll
839 4118 889 4164 805
909 4115 1018 4179 primum
1038 4115 1050 4185 ll
1076 4117 1126 4166 809
1146 4120 1242 4169 aestas.
1264 4110 1277 4185 Η

159 4210 209 4259 812
228 4207 264 4257 Ut
283 4203 297 4276 ΙΙ
317 4208 368 4257 828
388 4206 474 4258 anime
494 4204 506 4275 ll
528 4209 579 4256 824
597 4205 684 4272 magni
705 4199 718 4274 d
739 4206 789 4253 825
809 4203 952 4271 Aeriaeque
