2744 4658
689 212 733 277 Vl

71 402 122 451 405
149 381 255 463 arguit
278 388 309 448 et
331 382 487 464 liquidam
510 383 625 447 molem
651 403 846 467 camposque
868 366 1033 450 natantis?
1135 412 1147 435 ·

145 503 317 582 praeterea
341 498 367 561 si
390 498 456 561 vult
478 516 650 563 caveamus
673 498 816 563 fulminis
838 500 954 577 ictum,

149 633 206 678 cur
229 612 354 676 dubitat
375 611 485 677 facere
508 618 543 675 ut
562 610 722 696 possimus
744 631 874 678 cernere
899 614 1059 679 missum?

150 728 177 793 si
200 747 260 792 nec
283 726 443 811 opinantis
466 733 571 792 autem
594 727 662 792 volt
684 727 867 810 opprimere
889 730 976 811 igni,
1009 714 1048 740 ⁷⁸

118 816 125 825 .
149 864 206 908 cur
227 849 319 908 tonat
340 863 380 909 ex
404 843 459 907 illa
482 847 591 926 parte,
609 848 643 906 ut
664 841 768 907 vitare
792 863 967 924 queamus,

74 981 124 1027 410
151 979 207 1023 cm·
229 938 377 1022 tenebras
400 965 475 1023 ante
498 965 528 1022 et
552 957 696 1022 fremitus
720 963 752 1022 et
773 979 934 1022 murmura
958 957 1087 1023 concil?

116 1128 127 1147 ,
149 1081 182 1139 et
205 1072 299 1137 simul
322 1073 355 1136 in
381 1074 496 1137 multas
520 1073 621 1156 partis
646 1073 699 1154 qui
723 1073 853 1139 credere
874 1073 979 1156 pessis

81 1184 85 1189 ’
148 1188 301 1252 mitrae?
317 1209 359 1252 an
383 1189 443 1253 boo
466 1189 554 1253 ausis
576 1209 748 1270 numquam
773 1187 965 1252 contendere
988 1189 1126 1273 lactum,
1209 1241 1213 1248 .

112 1328 115 1333 ·
152 1311 187 1367 ut
209 1302 321 1367 fierent
343 1304 424 1367 ictus
447 1324 510 1367 uno
534 1304 593 1370 sub
617 1311 759 1387 tempore
781 1302 918 1388 plures?

108 1418 122 1455 ’·
149 1425 184 1482 at
206 1425 334 1502 saepest
357 1438 489 1483 numero
512 1418 630 1483 factum
652 1417 784 1500 fierique
807 1425 993 1493 necessest,

76 1554 125 1602 415
152 1539 187 1597 ut
210 1534 319 1615 pluere
342 1535 375 1596 in
397 1533 504 1596 multis
527 1533 715 1614 regionibus
739 1542 770 1598 et
792 1534 907 1599 eadere
930 1534 1060 1611 imbris,

152 1648 288 1713 fulmina
310 1649 356 1711 sic
379 1668 442 1711 uno
465 1647 534 1713 fieri
558 1650 617 1713 sub
641 1656 784 1733 tempore
807 1650 924 1713 multa.

150 1770 312 1851 postremo
336 1785 392 1828 cur
415 1770 527 1829 sancta
549 1763 642 1828 deum
668 1764 802 1828 delubra
824 1783 964 1845 suasque

152 1878 281 1945 discutit
303 1879 418 1944 infesto
441 1880 624 1962 praeolaras
647 1877 780 1943 fulmine
803 1881 896 1944 sedes

157 2000 187 2057 et
204 1994 288 2058 bene
312 1993 398 2058 facta
420 1993 515 2059 deum
537 1993 656 2077 frangit
678 1993 849 2059 simulacra
872 1995 1001 2076 suisque

77 2130 129 2176 sao
154 2108 250 2173 demit
272 2108 466 2190 imaginibus
489 2109 630 2174 violento
653 2108 785 2175 volnere
806 2108 989 2174 honorem?

150 2224 281 2305 altaque
304 2245 359 2288 our
381 2225 568 2309 plerumque
590 2225 671 2309 petit
693 2225 780 2301 loca,
795 2224 995 2308 plurimaque
1018 2224 1087 2288 cius

151 2339 313 2403 montibus
336 2340 368 2402 in
393 2339 524 2405 summis
546 2339 683 2423 vestigia
706 2341 864 2404 cernimus
887 2339 998 2419 ignis?

190 2454 285 2532 Quod
307 2473 403 2536 super
426 2461 494 2529 est,
511 2455 635 2518 facilest
659 2473 699 2518 ex
722 2454 773 2517 his
797 2474 991 2537 cognoscere
1013 2456 1131 2532 rebus,

150 2577 316 2653 pr—esffls
333 2568 442 2635 Graiei
466 2589 546 2652 quos
569 2570 611 2634 ab
636 2589 668 2632 re
691 2569 939 2653 nominitarunt,

73 2704 126 2753 aaa
152 2686 187 2748 in
210 2705 300 2748 mare
323 2706 388 2766 qua
411 2684 498 2748 missi
521 2686 649 2749 veniant
672 2684 795 2749 ratione
818 2703 977 2769 superne.

151 2820 226 2863 nam
250 2799 284 2862 fit
306 2805 339 2863 ut
361 2801 442 2862 inter
466 2802 541 2864 dmn
564 2807 630 2865 tam
653 2821 750 2882 quarn
773 2800 912 2864 demissa
934 2799 1084 2864 columna

150 2915 184 2978 in
207 2934 294 2978 marc
317 2914 357 2978 de
381 2917 472 2980 caelo
496 2915 690 2998 descendat,
709 2937 805 2998 quam
828 2915 911 2980 freta
934 2916 1050 2979 circum

151 3029 333 3094 fervescunt
355 3031 494 3110 graviter
516 3030 710 3113 spirantibus
733 3031 830 3095 incita
852 3030 980 3105 flabris,

152 3152 183 3208 et
206 3164 290 3227 quae
314 3164 450 3226 cumque
472 3145 506 3209 in
529 3150 656 3210 ectum
679 3146 742 3211 sint
764 3147 925 3230 deprensa
947 3145 1082 3209 tumultu

70 3281 126 3328 430
153 3261 283 3345 navigia
305 3261 338 3323 in
362 3281 518 3324 summum
541 3260 672 3325 veniant
694 3269 809 3327 vexata
831 3260 1006 3346 periclum.

151 3375 213 3440 hoc
235 3375 270 3439 fit
291 3376 344 3439 ubi
367 3375 448 3438 inter
471 3375 547 3438 dum
570 3396 633 3440 uon
657 3378 724 3458 quit
745 3378 794 3441 vis
817 3377 913 3441 incita
934 3375 1021 3443 venti

151 3510 298 3575 rumpere
322 3510 419 3571 quarn
443 3490 548 3573 coepit
571 3490 708 3567 nubem,
726 3492 783 3554 sed
807 3491 976 3577 deprimit,
991 3498 1026 3555 ut
1048 3489 1089 3554 sit

150 3605 183 3668 in
205 3625 296 3671 mare
319 3605 360 3670 de
384 3605 475 3670 eaelo
498 3613 563 3670 tam
588 3626 683 3687 quam
705 3607 846 3672 demissa
869 3607 1039 3684 columna,

154 3721 332 3803 paulatim,
350 3721 439 3804 quasi
464 3720 539 3802 quid
562 3741 670 3805 pugno
694 3721 884 3804 bracchique
907 3740 1044 3806 superne

71 3854 126 3904 400
154 3837 300 3901 coniectu
323 3835 466 3900 trudatur
490 3844 522 3900 et
544 3835 737 3901 extendatur
759 3836 791 3900 in
813 3836 937 3921 undas;

977 4014 990 4040 0

155 4116 205 4163 406
225 4115 288 4163 vivit
307 4110 319 4179 Η
340 4117 389 4161 417
407 4114 506 4163 dilubra
527 4112 540 4182 Η
560 4117 609 4164 421
631 4115 690 4165 ioca
710 4111 724 4183 Η
743 4115 816 4177 plus.
836 4112 850 4181 Η
870 4116 999 4180 424grali
1020 4112 1034 4184 Η
1055 4117 1106 4163 426
1119 4123 1172 4163 tam
1190 4129 1248 4163 cum
1262 4111 1276 4180 Η

157 4203 207 4250 428
226 4201 304 4251 lacitu
324 4198 337 4269 Η
357 4203 408 4251 430
427 4202 531 4252 veniunt
