2744 4658
160 251 202 316 22
719 246 734 307 l

159 418 235 501 quid
259 438 355 503 porro
378 424 560 498 nequeant,
584 417 739 480 sancitum
765 415 1028 497 ‹plaudoquidem
1051 422 1156 498 extat,

157 554 216 599 nec
239 537 452 598 commutatur
474 532 668 614 quicquam,
693 532 768 612 quin
793 530 901 595 omnia
923 536 1070 594 constent

157 668 258 730 usque
281 648 389 722 adeo,
413 647 524 710 variae
547 646 693 710 volucres
715 652 750 708 ut
772 645 805 709 in
828 646 940 710 ordine
964 651 1097 709 cunetae

82 783 133 830 590
159 762 332 827 ostendant
353 762 500 827 maculas
523 759 685 846 generalis
709 780 843 843 corpore
866 760 994 838 inesse,

160 877 349 942 inmutabili
371 876 527 941 materiae
552 895 678 957 quoque
702 895 818 958 eorpus
841 873 962 938 habere

157 990 295 1068 debent,
319 993 350 1055 ni
374 991 509 1055 mirum:
534 1010 609 1053 nam
633 990 660 1054 si
683 988 860 1072 primordia
884 1010 989 1054 rerum

159 1105 348 1170 commutari
371 1105 482 1187 aliqua
505 1110 636 1188 possent
657 1105 783 1168 ratione
805 1105 946 1186 revicta,

159 1220 313 1284 incertum
337 1241 464 1303 quoque
488 1221 553 1285 iam
577 1225 701 1284 constet
724 1218 801 1301 quill
824 1219 926 1302 possit
949 1218 1044 1301 oriri,

84 1354 134 1401 000
160 1334 236 1416 quid
259 1342 419 1419 nequeat,
442 1334 533 1399 finita
555 1341 700 1418 potestas
723 1333 861 1415 denique
884 1332 999 1414 cuique

161 1470 226 1530 qua
247 1470 324 1514 nam
346 1452 387 1515 sit
409 1452 534 1515 ratione
557 1454 653 1531 atque
677 1451 742 1514 alte
766 1448 919 1514 tenninus
943 1448 1101 1525 haerens,

161 1584 221 1629 nec
242 1566 360 1630 totiens
381 1573 513 1650 possent
535 1564 715 1645 generatim
738 1565 849 1628 saecla
871 1563 991 1628 referre

160 1686 308 1744 naturam
332 1700 435 1746 mores
458 1681 576 1746 victum
598 1684 767 1760 motusque
789 1684 981 1764 parentum.

202 1796 284 1858 Tum
307 1816 403 1878 porro
427 1797 505 1878 quia
528 1817 602 1860 nam
626 1800 675 1860 est
698 1802 874 1860 extremum
897 1793 1047 1876 quodque
1071 1814 1225 1859 cacumen

84 1926 135 1973 000
161 1910 305 1992 corporis
327 1910 443 1989 ullius,
468 1911 552 1994 quod
575 1911 676 1976 nostri
699 1930 830 1976 cernere
853 1929 968 1975 sensus

160 2023 226 2087 iam
248 2027 439 2107 nequeunt?
459 2027 512 2111 id,
537 2026 569 2090 ni
592 2026 726 2109 mirum,
750 2025 820 2091 sine
842 2024 989 2110 partibus
1011 2030 1099 2089 extat

160 2145 191 2203 et
212 2139 346 2204 minima
369 2148 496 2206 constat
518 2148 654 2217 natura,
677 2160 738 2205 nec
760 2139 821 2204 fuit
842 2161 995 2222 umquam

158 2272 216 2337 per
239 2274 273 2319 00
297 2261 454 2320 secretum
478 2276 582 2338 neque
605 2263 680 2340 post
701 2254 764 2320 hac
787 2275 858 2320 esse
880 2255 1020 2340 valebit,

160 2368 292 2434 alterius
316 2371 498 2453 quoniamst
520 2372 624 2455 ipsum
647 2391 744 2455 pars,
768 2371 937 2455 primaque
961 2376 993 2436 et
1015 2392 1080 2435 una

85 2502 134 2549 000
160 2482 235 2549 inde
259 2486 344 2549 aliae
368 2491 463 2567 atque
486 2487 573 2552 aliae
597 2487 717 2551 similes
740 2507 779 2550 en
802 2486 914 2551 ordine
936 2493 1046 2570 partes

161 2599 289 2678 agmine
312 2602 474 2665 condenso
497 2608 646 2666 naturam
670 2602 812 2686 corporis
836 2603 985 2686 explent:

160 2734 243 2794 quae
267 2716 418 2796 quoniam
440 2737 498 2800 per
521 2737 555 2781 00
578 2723 741 2798 nequeunt
763 2724 935 2792 constare,
959 2722 1122 2782 necessest

86 2914 88 2920 Ι
159 2828 292 2895 haerere
315 2831 401 2896 unde
425 2840 546 2913 queant
568 2833 659 2897 nulla
682 2834 806 2896 ratione
829 2833 958 2898 revelli.

161 2951 235 3008 sunt
255 2946 352 3027 igitur
375 2946 480 3011 solida
502 2946 678 3031 primordia
705 2949 929 3033 simplicitate,

86 3079 137 3125 oro
163 3081 246 3141 quae
269 3062 407 3125 minimis
431 3042 551 3146 stipata
573 3063 748 3129 cohaerent
769 3066 914 3148 partibus
937 3070 1025 3142 arte,

160 3195 224 3239 non
247 3196 286 3239 en
309 3176 446 3242 ullorum
470 3186 627 3243 conventu
651 3180 844 3257 conciliata,

160 3288 219 3354 sed
241 3292 345 3376 magis
369 3299 503 3359 aeterna
526 3295 683 3379 pollentia
706 3295 930 3380 simplicitate,

159 3404 245 3471 unde
268 3426 371 3489 neque
394 3410 491 3474 avelli
505 3410 686 3491 'quicquam
709 3431 814 3492 neque
837 3411 978 3476 deminui
1000 3410 1065 3474 iam

160 3520 307 3584 concedit
328 3529 446 3589 natura
468 3544 636 3590 reservans
659 3526 783 3590 semina
804 3527 918 3591 rebus.

84 3655 133 3705 615
159 3642 330 3720 praeterea
354 3638 414 3703 nisi
438 3640 498 3705 erit
519 3640 703 3717 minimum,
728 3641 919 3725 parvissima
942 3661 1088 3723 quaeque

161 3771 298 3836 corpora
320 3755 512 3820 constabunt
535 3776 574 3820 ex
595 3757 742 3839 partibus
765 3756 916 3834 infinitis3

161 3866 279 3951 quippe
302 3868 356 3932 ubi
379 3869 532 3937 dimidiae
555 3871 658 3955 partis
679 3892 757 3958 pars
779 3892 905 3957 semper
927 3869 1058 3936 habebit

159 4139 211 4188 588
230 4138 365 4188 comitatur
381 4137 393 4206 Η
415 4148 546 4189 constant.
569 4138 581 4208 Η
603 4145 649 4191 591
666 4138 866 4209 1001010090οΗ
886 4144 936 4191 599
950 4141 1071 4203 quoniam
1092 4137 1104 4208 Η
1127 4139 1260 4214 6001111110
1275 4135 1289 4211 Η

160 4227 210 4274 606
230 4227 331 4289 explet.
352 4223 365 4292 Η
387 4228 437 4276 608
456 4228 508 4276 nlla
528 4227 540 4297 Η
563 4231 611 4276 611
632 4229 736 4278 illorum
757 4226 770 4295 Η
791 4231 841 4277 613
861 4237 930 4279 tam.
