2744 4658
157 241 217 305 118
685 232 751 295 llll

155 426 207 471 res
230 423 396 488 quaeque,
414 423 454 467 ex
478 425 599 468 summo
625 404 774 486 quoniam
797 404 974 468 iaculantur
995 410 1148 487 utraque.

155 525 230 584 sunt
251 519 347 599 igitur
369 518 434 582 iam
456 517 630 583 formarum
652 519 790 600 vestigia
813 525 921 602 certa,

155 653 240 716 quae
264 634 360 714 volgo
383 633 518 698 volitant
540 635 648 717 suptili
671 634 815 717 praedita
837 633 890 698 filo

156 768 216 814 nec
238 746 423 831 singillatim
445 755 580 832 possunt
602 757 727 814 secreta
749 749 872 813 videri.

98 884 131 930 00
157 868 327 948 praeterea
350 861 452 926 omnis
475 862 574 941 odor,
591 863 716 941 fumus,
732 884 851 948 vapor,
869 870 964 945 atque
986 864 1070 928 aliae
1092 885 1144 929 res

157 976 361 1059 consimiles,
378 976 452 1040 ideo
477 977 595 1043 diffusa
620 998 638 1043 e
661 981 757 1045 rebus
779 977 963 1061 abundant,

147 1111 197 1181 ,ex
220 1091 285 1155 alto
310 1090 386 1171 quia
409 1090 484 1155 dum
506 1093 656 1170 veniunt,
673 1093 862 1158 extrinsecn’
884 1098 965 1157 torte

156 1205 340 1271 scinduntur
362 1225 419 1289 per
441 1206 501 1270 iter
522 1206 660 1291 flexum,
678 1227 738 1272 nec
759 1213 845 1271 recta
867 1207 989 1271 viarum

158 1321 241 1385 ostia
264 1326 356 1396 sunt,
374 1340 436 1401 qua
461 1320 655 1385 contendant
678 1322 764 1386 exire
787 1328 915 1385 coorta.

99 1456 130 1503 00
157 1442 189 1499 01
211 1440 322 1499 contra
343 1436 448 1499 tenuis
472 1437 585 1499 summi
608 1437 796 1501 membrana
818 1436 934 1500 coloris

158 1571 230 1614 cum
253 1550 386 1633 iacitur,
405 1549 448 1612 nil
471 1557 519 1614 cst
542 1551 628 1632 quod
651 1571 722 1615 eam
746 1551 928 1634 discerpere
950 1553 1072 1635 possit,

157 1667 189 1729 in
212 1670 359 1749 promptu
384 1665 537 1744 qnoniam
561 1672 609 1730 est
632 1667 664 1729 in
687 1665 789 1748 prima
811 1665 916 1730 fronte
939 1666 1068 1731 locata.

157 1786 319 1864 postremo
342 1780 481 1863 speculis
503 1780 537 1843 in
560 1756 645 1862 aqua
668 1779 904 1864 splendoreque
925 1780 957 1844 in
981 1781 1067 1845 omni

158 1917 242 1980 quae
265 1916 398 1978 cumque
420 1903 579 1978 apparent
600 1897 692 1961 nobis
716 1895 906 1979 simulacra,
924 1903 1105 1981 necessest,

84 2033 133 2080 roo
159 2010 417 2095 quandoquidem
439 2012 532 2074 simili
556 2011 663 2095 specie
686 2017 760 2076 sunt
780 2011 928 2095 praedita
952 2031 1076 2087 rerum,

157 2108 263 2193 excita
285 2126 481 2210 imaginibus
503 2127 608 2191 missis
632 2127 805 2191 consistere
826 2146 950 2190 rerum:

85 2264 134 2310 104
159 2249 232 2307 00οῖ
254 2240 350 2321 igitur
372 2249 483 2304 tenues
506 2240 677 2305 formarum
701 2242 764 2306 illis
789 2242 974 2323 similesque

159 2356 305 2439 effigiae,
322 2356 506 2437 singillatim
531 2377 611 2439 quas
634 2377 763 2421 cernere
787 2378 879 2423 nemo

159 2493 229 2537 cum
252 2473 353 2554 possit
375 2478 501 2555 tamen,
518 2472 651 2537 adsiduo
677 2474 854 2556 crebroque
876 2473 1008 2558 repulsu

159 2588 299 2653 reiectae
321 2587 458 2653 reddunt
480 2590 682 2674 speculorum
706 2609 745 2655 ex
768 2610 909 2674 aequore
932 2589 1055 2666 visum,

160 2724 220 2768 nec
242 2703 364 2769 ratione
387 2704 453 2769 alia
475 2704 596 2769 servari
618 2725 714 2790 posse
737 2706 903 2781 videntur,

158 2827 246 2884 tanto
271 2842 368 2907 opere
391 2828 425 2885 ut
447 2822 567 2886 similes
589 2823 762 2887 reddantur
785 2823 900 2903 cuique
923 2822 1066 2902 figurae.

86 2960 135 3007 110
201 2939 294 3003 Nunc
317 2950 399 3023 000,
416 2959 510 3020 quam
534 2939 622 3002 tenui
645 2944 759 3002 natura
782 2944 906 3004 constet
927 2937 1034 3021 imago

158 3053 306 3138 percipe.
325 3060 356 3118 et
378 3054 410 3117 in
432 3053 562 3137 primic,
580 3055 731 3136 quoniam
753 3053 930 3139 primordia
953 3059 1073 3117 tantum

161 3174 234 3232 sunt
254 3168 336 3233 infra
358 3177 484 3234 nostros
506 3188 621 3234 sensus
643 3176 794 3250 tantoque
816 3168 941 3232 minora

161 3303 256 3365 quam
281 3302 364 3364 quae
386 3284 522 3367 primum
545 3286 630 3350 oculi
653 3291 803 3369 coeptant
824 3305 889 3348 non
912 3303 1008 3367 posse
1031 3284 1132 3367 tueri,

160 3418 244 3462 nunc
266 3403 372 3461 tamen
393 3398 426 3462 id
449 3419 576 3480 quoque
599 3401 644 3463 uti
668 3399 871 3478 confirmem,
888 3399 1021 3464 exordia
1042 3418 1149 3463 rerum

87 3534 135 3580 115
161 3517 344 3577 cunctarum
368 3535 464 3595 quam
488 3514 552 3578 sint
574 3516 703 3599 suptilia
725 3516 852 3600 percipe
874 3515 1006 3599 paucis.

160 3628 296 3711 primum
320 3629 474 3693 animalia
496 3636 571 3694 sunt
592 3630 657 3694 iam
680 3632 796 3716 partim
819 3631 963 3714 tantula,
980 3649 1089 3694 corum

160 3742 253 3806 tertia
275 3763 350 3825 pars
373 3745 461 3808 nulla
483 3744 586 3827 possit
607 3746 729 3811 ratione
750 3746 874 3812 videri.

161 3856 275 3922 horum
297 3858 478 3924 intestinum
503 3860 636 3943 quodvis
660 3862 755 3945 quale
777 3881 848 3928 esse
870 3860 1099 3948 putandumst!

159 4033 361 4041 ——..—.—.

164 4139 196 4188 90
214 4138 267 4186 alia
287 4134 300 4204 ll
321 4139 352 4186 92
373 4148 459 4186 ortae.
481 4133 493 4203 ΙΙ
516 4139 562 4185 101
577 4137 617 4185 Ex
638 4139 651 4204 ll
671 4154 774 4187 eorum.
796 4136 808 4205 ll
831 4142 879 4189 102
892 4143 1028 4191 103265
1039 4142 1089 4190 66.
1110 4136 1123 4209 Η
1146 4141 1283 4192 104011001-

162 4226 300 4290 milesque.
321 4223 334 4292 ll
357 4227 405 4274 116
425 4239 529 4273 eorum.
550 4222 563 4292 Η
585 4228 633 4274 118
652 4225 750 4275 Harum
