2744 4658
686 241 720 306 ΙΙ

137 433 196 480 nec
217 414 316 479 refert
338 434 377 479 ea
400 433 482 496 quae
503 421 618 499 tangas
641 434 703 496 quo
727 413 808 477 forte
832 413 940 477 colore

137 529 284 614 praedita
306 530 389 607 sint,
405 524 513 595 veruin
537 529 624 610 quali
647 528 748 609 magis
771 533 848 611 apta
871 528 992 613 figura,

60 666 110 711 sm
138 645 220 710 scire
242 645 316 709 licet
339 645 382 708 nil
404 643 567 728 principiis
587 662 667 726 opus
688 663 759 708 esse
782 644 925 719 colores,

137 759 196 825 sed
217 760 316 825 variis
338 758 449 824 formis
471 760 634 824 variantes
657 756 753 822 edere
776 763 897 822 tactus.

175 875 349 939 Praeterea
371 874 520 956 quoniam
543 894 607 936 non
630 872 724 937 certis
747 879 834 936 corta
855 872 963 956 figuris

137 997 184 1054 est
206 996 322 1054 natura
340 988 461 1053 coloris
485 993 516 1052 ct
537 987 646 1053 omnia
667 987 894 1071 principiorum

136 1105 350 1170 formamenta
373 1109 491 1185 queunt
513 1104 545 1166 in
569 1103 682 1184 quovis
705 1103 922 1179 essendone,

60 1241 112 1286 010
138 1240 193 1284 our
215 1238 256 1284 ea
279 1238 361 1301 quae
385 1222 532 1282 constant
554 1236 594 1281 ox
616 1217 681 1282 illis
703 1237 767 1280 non
789 1216 908 1300 pariter
931 1224 1005 1281 sunt

139 1354 232 1398 omne
255 1353 356 1417 genus
379 1332 511 1416 perfusa
533 1332 693 1397 coloribus
716 1332 749 1395 in
771 1350 889 1414 genero
911 1330 1025 1395 omni?

139 1448 349 1512 conveniebat
371 1447 455 1511 enim
478 1468 591 1512 corvos
616 1466 743 1530 quoque
766 1466 864 1531 saepe
885 1447 1023 1512 volantis

139 1582 179 1626 ex
201 1563 283 1628 albis
305 1563 414 1628 album
438 1562 543 1646 pinnis
565 1562 685 1629 iactare
708 1566 867 1640 colorem,

139 1684 171 1743 et
192 1679 301 1763 nigros
323 1677 392 1742 fieri
414 1678 506 1762 nigro
529 1678 569 1742 do
591 1679 712 1743 semine
734 1700 853 1763 cycnos

61 1814 113 1859 aaa
139 1799 195 1856 aut
216 1793 279 1858 alio
303 1792 416 1873 quovis
438 1813 502 1858 uno
525 1794 682 1874 varioque
705 1794 832 1859 colore.

184 1907 385 1986 Quinetiam
409 1913 529 1988 quanto
551 1908 585 1971 in
606 1913 715 1990 partes
737 1927 791 1972 res
814 1925 960 1989 quaeque
982 1907 1121 1972 minutas

139 2023 322 2088 distrahitur
342 2022 464 2107 magis,
481 2021 542 2086 hoc
563 2025 667 2103 magis
691 2029 738 2088 est
760 2029 794 2087 ut
816 2041 945 2087 cernere
967 2023 1074 2105 possis

137 2156 330 2203 evanescere
352 2137 506 2220 paulatim
530 2137 712 2222 stinguique
735 2137 894 2216 colorem;

137 2257 170 2315 ut
192 2252 227 2315 fit
247 2252 302 2317 ubi
324 2254 358 2316 in
379 2272 496 2336 parvas
518 2253 618 2337 partis
642 2252 831 2337 discerpitur
853 2273 950 2318 aurea

58 2388 112 2435 sao
137 2387 298 2451 purpura,
315 2367 549 2450 poeniceusque
572 2369 660 2432 color
683 2369 870 2434 clarissimu'
892 2370 1011 2446 multo,

135 2480 247 2543 filatim
271 2500 341 2544 cum
364 2479 518 2544 distracta
541 2487 610 2558 est,
626 2482 819 2565 dispergitur
842 2484 965 2565 omnis3

137 2615 271 2660 noscere
292 2601 327 2659 ut
350 2595 423 2659 hinc
443 2596 549 2678 possis
571 2596 659 2679 prius
683 2616 808 2660 omnem
832 2596 943 2661 efflare
966 2598 1104 2662 colorem

138 2709 334 2793 particulas,
352 2731 444 2790 quam
470 2711 637 2777 discedant
660 2713 701 2775 ad
725 2711 847 2776 semina
869 2730 994 2776 rerum.

182 2822 347 2890 Postremo
371 2826 520 2906 quoniam
544 2845 608 2889 non
631 2827 741 2890 omnia
764 2845 899 2909 corpora
921 2844 1033 2890 vocem

58 2959 114 3004 sao
140 2937 262 3002 mittere
285 2939 433 3004 concedis
456 2959 560 3021 neque
583 2939 735 3015 odorem,
751 2947 923 3026 propterea
945 2940 980 3005 fit

141 3052 260 3115 utnon
283 3053 430 3118 omnibus
454 3053 620 3116 adtribuas
642 3055 765 3119 sonitus
788 3061 821 3119 et
842 3056 977 3120 odores:

141 3166 187 3229 sio
210 3166 310 3232 oculis
334 3167 488 3247 quoniam
512 3187 575 3231 non
600 3167 707 3230 omnia
730 3186 860 3233 cernere
883 3169 1029 3251 quimus,

142 3281 223 3346 scire
241 3280 318 3346 iicet
340 3280 498 3361 quaedam
522 3286 587 3344 taur
610 3288 757 3346 constare
780 3283 857 3347 orba
880 3282 987 3347 colore

141 3418 238 3479 quam
261 3399 330 3461 sine
354 3395 454 3460 odore
477 3395 543 3459 ullo
568 3396 728 3477 quaedam
750 3397 918 3480 sonituque
942 3404 1085 3479 remota,

59 3534 116 3579 010
143 3531 202 3577 neo
224 3512 328 3576 minus
351 3511 433 3576 haec
455 3510 594 3574 animum
620 3529 815 3592 cognoscere
835 3532 932 3595 posse
953 3531 1103 3594 sagacem

145 3647 241 3709 quarn
263 3647 345 3708 quae
368 3632 442 3691 sunt
464 3625 538 3690 aliis
561 3626 657 3689 rebus
680 3624 806 3709 privata
830 3633 961 3692 notare.

182 3741 247 3807 Sed
270 3741 415 3807 neforto
438 3746 532 3826 putes
555 3740 624 3805 solo
648 3741 788 3824 spoliata
810 3742 917 3807 coloro

143 3926 259 3934 -.—-
268 3927 344 3934 .-—

147 4048 198 4096 814
211 4056 268 4095 sum
283 4042 298 4113 11
312 4046 410 4110 magnis
425 4045 436 4112 1
452 4048 501 4095 815
522 4047 622 4095 001010.
644 4041 657 4114 Η
678 4046 725 4092 821
741 4045 897 4109 Omnigouus
912 4041 925 4115 Η
940 4048 988 4096 827
1003 4047 1053 4096 1100
1065 4047 1145 4109 magis
1159 4045 1240 4107 magis
1255 4041 1270 4111 11

147 4134 197 4183 829
218 4148 324 4182 aurum.
344 4130 357 4197 Η
380 4135 427 4181 1131
450 4134 598 4183 distractum
617 4142 654 4182 ost
672 4132 824 4196 disperditur
844 4129 858 4202 11
879 4134 986 4183 140110
1007 4133 1020 4203 Η
1040 4137 1087 4183 811
1109 4141 1237 4194 notoque.
1258 4128 1272 4202 Η

148 4224 198 4270 ota
219 4220 324 4286 spoliitu

1021 4316 1069 4389 5*
