2744 4658
677 233 735 295 llll

182 399 280 487 [lllud
302 400 377 467 item
400 423 464 467 non
488 408 537 468 661
558 402 760 479 mirandum,
776 405 919 487 corporis
941 405 1012 489 ipsa

137 515 228 599 quod
249 521 365 581 natura
386 517 489 581 cibum
513 518 638 599 quaerit
661 518 814 602 cuiusque
837 520 1026 587 animantis.

55 657 113 705 866
140 632 262 719 quippe
286 633 401 700 etenim
424 633 524 698 fluere
548 640 644 715 atque
666 636 815 700 recedere
841 656 975 721 corpora
997 638 1092 703 rebus

138 752 241 815 multa
262 752 366 817 modis
388 749 495 815 multis
518 750 630 829 docui,
646 751 705 818 sed
728 751 864 834 plurima
887 751 1006 816 debent

138 888 181 934 ex
203 866 405 946 animalibu';
422 885 504 949 quae
528 867 604 948 quia
627 874 700 933 sunt
722 868 864 932 exercita
886 873 992 951 motu,

55 1005 112 1053 864
138 983 322 1067 multa-per
345 1002 382 1049 os
403 982 612 1061 exhalantur,
630 1005 698 1048 oum
722 985 879 1070 languida
900 983 1074 1070 anhelant,

59 1121 113 1169 866
136 1099 302 1181 multaque
325 1120 381 1183 per
403 1101 552 1165 sudorem
575 1121 615 1166 cx
638 1101 703 1164 alto
726 1120 838 1184 pressa
860 1099 1025 1164 feruntur.

59 1236 112 1283 866
138 1215 189 1279 his
212 1213 309 1298 igitur
329 1215 425 1280 rebus
447 1216 581 1281 rarescit
603 1235 717 1299 corpus
741 1221 771 1279 61
794 1213 896 1279 omnis
985 1241 990 1250 ¹

138 1329 303 1394 subruitur
323 1336 458 1414 natura3
475 1330 568 1395 dolor
590 1351 685 1412 quam
709 1330 912 1412 consequitur
935 1347 1021 1392 rem.

136 1450 314 1529 propterea
335 1445 460 1528 capitur
483 1445 592 1528 cibus,
609 1451 644 1508 61
665 1444 825 1509 suffulciat
847 1450 935 1508 artus

137 1565 171 1624 61
191 1565 316 1624 6666661
336 1559 418 1625 61666
440 1560 522 1625 16166
545 1559 658 1638 datus,
676 1566 772 1643 atquc
794 1565 954 1642 patentem

135 1670 194 1757 per
214 1676 359 1741 membra
382 1696 420 1740 ao
442 1697 542 1741 venas
565 1682 599 1741 61
620 1697 761 1741 amorem
785 1682 910 1761 opturet
932 1673 1067 1739 edendi.

62 1807 113 1855 866
137 1809 230 1856 umor
250 1791 325 1855 item
348 1792 484 1858 discedit
506 1793 538 1856 in
562 1794 669 1857 omnia
693 1811 775 1874 quae
798 1792 871 1856 loca
895 1810 1029 1871 cumque

140 1912 274 1989 poscunt
296 1928 458 1974 umorem:
475 1909 716 1990 glomerataque
738 1908 838 1970 multa
859 1906 990 1991 vaporis

140 2039 295 2107 corpora,
312 2043 396 2107 quae
418 2024 582 2089 stomacho
605 2026 760 2108 praebent
781 2021 929 2087 incendia
951 2027 1080 2096 nostro,

137 2134 286 2222 dissupat
306 2139 485 2205 adveniens
507 2140 610 2221 liquor
633 2160 673 2206 66
694 2137 862 2221 restinguit
882 2142 916 2200 61
937 2136 1063 2220 ignem,

136 2270 230 2318 66666
251 2273 292 2317 66
313 2254 416 2338 possit
438 2256 525 2319 calo'r
548 2255 685 2340 amplius
708 2255 817 2319 aridus
840 2260 947 2319 artus.

59 2385 111 2432 866
138 2365 304 2449 sicigitur
325 2368 383 2433 tibi
405 2370 524 2435 anhela
545 2371 615 2435 sitis
637 2371 676 2435 de
700 2389 831 2454 corpore
852 2375 962 2434 nostro

138 2480 299 2567 abluitur,
317 2484 363 2549 616
385 2485 531 2569 expletur
551 2485 661 2549 ieiuna
684 2485 798 2566 cupido
812 2483 838 2571 .]

176 2594 271 2662 Nunc
293 2599 346 2680 qui
369 2599 425 2663 fiat
446 2600 493 2664 uti
515 2620 631 2682 passus
652 2596 797 2682 proferre
821 2616 993 2678 queamus,

136 2730 209 2775 cum
231 2714 399 2791 volumus,
414 2715 567 2797 varieque
590 2714 698 2779 datum
723 2712 764 2778 sit
785 2711 930 2776 membra
953 2728 1100 2791 movere,

136 2833 169 2891 et
192 2846 276 2909 6666
298 2835 494 2895 6661661666
516 2831 577 2896 hoc
600 2831 705 2896 oneris
726 2825 914 2913 protrudere
935 2824 1035 2888 nostri

56 2960 111 3008 866
138 2943 283 3026 corporis
304 2944 459 3023 insuerit,
475 2945 597 3011 dicam:
616 2951 650 3009 16
673 2945 802 3029 percipe
825 2942 929 3007 dicta.

137 3054 210 3121 dico
232 3058 338 3123 animo
361 3065 471 3125 nostro
493 3060 629 3144 primum
652 3059 826 3125 simulacra
846 3056 975 3122 meandi

136 3171 283 3236 accidere
305 3178 402 3255 atque
424 3174 565 3239 animum
590 3175 742 3259 pulsare,
759 3180 793 3237 61
815 3172 952 3236 diximus
975 3176 1068 3234 ante.

136 3282 211 3350 inde
232 3286 378 3353 voluntas
400 3290 454 3353 tit:
470 3309 574 3371 66666
597 3291 680 3355 enim
704 3289 810 3352 facere
832 3284 944 3369 incipit
963 3285 1063 3348 ullam

136 3416 204 3463 rem
225 3401 413 3487 quisquam,
433 3425 529 3487 quam
552 3424 644 3470 mens
666 3404 804 3488 providit
827 3401 903 3484 quid
926 3400 1003 3464 velit
1024 3404 1118 3463 6616.

60 3529 111 3578 886
136 3511 172 3575 id
194 3514 281 3594 quod
302 3519 468 3605 providet,
484 3520 571 3584 illius
595 3521 641 3584 rei
664 3524 788 3583 6666161
809 3517 938 3599 imago.

135 3647 213 3710 ergo
237 3633 362 3698 animus
386 3654 457 3699 cum
481 3655 551 3700 sese
573 3635 619 3699 ita
641 3637 820 3698 commovet
842 3637 877 3694 61
898 3630 976 3696 velit
997 3629 1042 3693 166

134 3743 232 3825 16666
254 3746 366 3828 gredi,
382 3747 455 3812 ferit
477 3749 636 3832 extemplo
660 3767 742 3830 quae
764 3747 796 3810 in
820 3765 953 3828 corpore
975 3749 1061 3821 toto,

134 3876 194 3940 per
216 3861 360 3926 membra
382 3869 478 3945 atque
501 3870 610 3946 artus,
626 3862 745 3928 animai
769 3862 881 3927 dissita
903 3859 951 3923 vis
973 3866 1041 3925 est:

136 4139 188 4186 862
208 4154 273 4199 quae
291 4140 428 4191 ooniacum.
450 4141 463 4208 Η
486 4144 641 4192 8111161666
662 4139 675 4208 11
699 4144 747 4191 811
768 4137 845 4208 116111
867 4156 986 4202 quemue.
1008 4136 1021 4207 Η
1047 4143 1096 4190 878
1115 4155 1222 4201 rareque
1242 4138 1256 4210 Η
1337 4128 1340 4133 ’

138 4226 189 4273 879
208 4224 327 4294 66661611
348 4229 398 4275 884
418 4245 493 4290 qnam
512 4231 651 4280 ooniacum.
673 4226 686 4296 11
707 4230 757 4278 881)
777 4237 892 4278 constare
913 4225 926 4295 11
946 4231 996 4277 8811
1016 4228 1071 4291 Ego
