2744 4658
153 234 220 321 ‘132
692 250 750 314 uu

158 423 265 488 omnia
288 424 440 489 mendose
462 423 530 486 fieri
553 429 648 504 atque
672 422 798 506 obstipa
820 440 954 487 necesse
978 427 1027 487 est

156 558 257 622 prava
280 539 432 603 cubantia
453 558 555 622 prona
577 537 694 621 supina
717 544 812 618 atque
836 538 958 602 absona
981 541 1083 612 tecta,

158 654 221 718 ianr
245 674 336 719 ruere
361 660 394 718 ut
416 654 577 736 quaedam
600 653 770 718 videantur
791 654 896 731 velle,
913 658 1069 734 ruantque

159 770 285 854 prodita
305 769 431 835 iudiciis
453 769 621 834 fallacibus
645 768 753 834 ornnia
775 768 903 853 primis,

84 903 134 950 555
159 883 325 966 sicigitur
348 887 428 949 ratio
451 885 509 949 tibi
531 905 635 951 rerum
658 906 759 970 prava
779 889 945 948 necessest

158 998 305 1082 falsaque
329 1001 389 1078 sit,
405 1000 494 1066 falsis
518 1022 602 1084 quae
625 1021 761 1083 cumque
783 1000 824 1065 ab
847 999 994 1064 sensibus
1017 1003 1135 1063 ortast.

198 1118 291 1181 Nunc
314 1116 370 1180 alii
392 1137 506 1183 sensus
529 1139 591 1201 quo
614 1123 709 1202 pacto
732 1116 866 1199 quisque
889 1136 980 1181 suam
1003 1135 1069 1179 rem

161 1232 296 1308 sentiat,
312 1231 398 1296 baud
422 1253 583 1314 quaquam
607 1232 687 1296 ratio
712 1251 867 1315 scruposa
890 1231 1002 1296 relicta
1023 1236 1091 1296 est.

199 1347 359 1431 Principio
383 1348 511 1411 auditur
532 1368 629 1412 sonus
653 1355 684 1412 et
706 1368 769 1412 vox
792 1347 915 1429 omnis,
931 1345 963 1408 in
987 1345 1074 1410 auris

85 1481 134 1527 555
160 1461 320 1525 insinuata
343 1484 400 1526 suo
423 1463 577 1547 pepulere
599 1463 653 1526 ubi
676 1482 807 1544 corpore
831 1481 979 1526 sensum.

160 1597 347 1661 corpoream
370 1598 481 1642 rocem
505 1598 630 1659 quoque
654 1577 737 1641 enim
762 1583 906 1641 constare
930 1574 1125 1640 fatendumst

161 1700 191 1756 et
213 1694 370 1771 sonitum,
387 1693 536 1774 quonium
560 1698 693 1776 possunt
714 1691 868 1775 inpellere
892 1712 1026 1756 sensus.

160 1816 330 1892 praeterea
353 1807 438 1872 radit
459 1830 521 1874 vox
544 1809 654 1875 lauces
677 1828 797 1893 saepe,
813 1807 955 1890 facitque

161 1925 326 2010 asperiora
351 1925 436 1991 foras
459 1925 610 2007 gradiens
633 1925 749 1990 arteria
772 1925 910 1989 elamor.

85 2061 136 2108 535
161 2041 298 2125 quippe,
315 2063 373 2126 per
396 2048 566 2123 angustum
590 2043 682 2107 turba
705 2040 825 2104 maiore
848 2044 956 2103 coorta

160 2157 206 2221 ire
229 2156 316 2221 foras
340 2157 394 2221 ubi
417 2162 590 2239 coeperunt
611 2155 785 2239 primordia
807 2175 940 2237 vocum,
973 2210 975 2214 .

161 2270 302 2348 scilicet,
320 2273 439 2356 expleti
462 2291 589 2353 quoque
611 2271 708 2334 ianua
729 2269 850 2334 raditur
874 2269 957 2334 oris.

163 2386 248 2450 baud
272 2381 368 2470 igitur
390 2386 551 2450 dubiumst
574 2386 649 2467 quin
673 2406 769 2450 voces
790 2385 952 2466 verbaque
976 2388 1121 2448 constent

161 2502 323 2584 corporeis
345 2521 363 2566 e
385 2502 569 2586 principiis,
586 2507 620 2564 ut
641 2501 771 2566 laedere
793 2501 936 2583 possint.

86 2635 136 2682 535
162 2635 222 2680 555
244 2623 275 2681 te
298 2617 382 2681 fallit
405 2617 477 2682 iteru
502 2617 579 2699 quid
603 2616 743 2700 eorporis
767 2617 892 2681 auferat
914 2620 944 2680 et
967 2613 1042 2695 quid

162 2725 306 2796 detrahat
328 2753 367 2797 ex
391 2732 552 2797 hominum
576 2732 681 2797 nervis
704 2751 743 2795 ao
764 2730 883 2795 viribus
904 2730 983 2814 ipsis

161 2852 333 2929 perpetuus
356 2868 459 2912 sermo
483 2847 589 2927 nigrai
610 2846 712 2910 noctis
734 2845 775 2908 ad
798 2846 942 2909 umbram

163 2979 299 3025 aurorae
321 2961 492 3044 perductus
514 2961 556 3024 ab
580 2961 742 3026 exoriente
766 2961 887 3045 nitore,

162 3076 348 3155 praesertim
371 3076 397 3140 si
420 3096 492 3139 eum
514 3080 667 3140 summost
690 3076 831 3141 clamore
853 3076 1022 3160 profusus.

86 3207 137 3254 540
162 3208 237 3271 ergo
259 3210 446 3274 corpoream
468 3211 575 3256 vocem
600 3198 745 3256 constare
767 3196 949 3268 necessest,

165 3280 263 3368 multa
286 3305 419 3387 loquens
442 3306 595 3386 quoniam
617 3305 731 3370 amittit
753 3304 793 3370 de
816 3326 949 3390 corpore
971 3309 1115 3389 partem.

87 3437 135 3484 555
163 3420 321 3502 asperitas
343 3427 449 3485 autem
472 3420 559 3484 vocis
581 3421 615 3484 lit
637 3420 679 3485 ab
702 3421 872 3504 asperitate

163 3533 410 3617 principiorum,
428 3541 458 3600 et
479 3535 554 3600 item
577 3536 664 3600 levor
686 3537 793 3602 levore
817 3539 960 3601 creatur:

88 3668 138 3714 542
165 3666 224 3711 neo
246 3648 340 3713 simili
362 3655 529 3736 penetrant
550 3651 636 3716 auris
657 3650 831 3734 primordia
852 3649 974 3728 forma,

163 3781 233 3826 cum
256 3765 333 3829 tuba
354 3765 505 3848 depresso
527 3764 666 3848 graviter
688 3766 747 3830 sub
770 3772 928 3829 murmure'
951 3765 1053 3846 mugit

165 3883 196 3942 et
218 3879 332 3943 reboat
352 3900 483 3944 raucum
506 3879 594 3963 regio
618 3880 681 3945 cita
702 3881 844 3945 barbara
865 3879 1037 3963 bombum,

162 4045 317 4052 --.-,.
323 4047 333 4051 ,
343 4047 363 4051 ,..

166 4150 216 4196 517
236 4149 318 4197 Purra
339 4143 351 4214 Η
372 4151 421 4197 526
441 4147 571 4211 Corpcrea
591 4148 604 4218 Η
625 4165 712 4198 rocem
730 4151 870 4201 emiorum.
892 4146 905 4217 ΙΙ
929 4150 979 4198 532
999 4147 1105 4211 expletis
1125 4145 1139 4217 ΙΙ
1160 4151 1210 4198 552
1230 4149 1286 4198 1555

166 4236 254 4284 letiore
274 4232 287 4303 ΙΙ
308 4237 358 4284 543
377 4250 506 4283 murmura
526 4233 539 4302 {l
560 4238 610 4284 544
629 4245 729 4286 rororat
748 4235 762 4304 ll
783 4245 849 4286 retro
