<?xml version="1.0" encoding="UTF-8"?>
<!DOCTYPE html PUBLIC "-//W3C//DTD XHTML 1.0 Transitional//EN"
    "http://www.w3.org/TR/xhtml1/DTD/xhtml1-transitional.dtd">
<html xmlns="http://www.w3.org/1999/xhtml" xml:lang="en" lang="en">
 <head>
  <title>
</title>
<meta http-equiv="Content-Type" content="text/html;charset=utf-8" />
  <meta name='ocr-system' content='tesseract 3.04.00' />
  <meta name='ocr-capabilities' content='ocr_page ocr_carea ocr_par ocr_line ocrx_word'/>
</head>
<body>
  <div class='ocr_page' id='page_1' title='image "./tlucreticarider15carugoog_0229.png"; bbox 0 0 2744 4658; ppageno 0'>
   <div class='ocr_carea' id='block_1_1' title="bbox 157 240 745 314">
    <p class='ocr_par' dir='ltr' id='par_1_1' title="bbox 157 240 745 314">
     <span class='ocr_line' id='line_1_1' title="bbox 157 240 745 314; baseline 0 -1"><span class='ocrx_word' id='word_1_1' title='bbox 157 251 229 314; x_wconf 40' lang='lat'>228⁴</span> <span class='ocrx_word' id='word_1_2' title='bbox 703 240 745 303; x_wconf 85' lang='lat' dir='ltr'>Vl</span> 
     </span>
    </p>
   </div>
   <div class='ocr_carea' id='block_1_2' title="bbox 35 409 1212 3960">
    <p class='ocr_par' dir='ltr' id='par_1_2' title="bbox 35 409 1212 3960">
     <span class='ocr_line' id='line_1_2' title="bbox 83 409 1045 497; baseline -0.01 -14"><span class='ocrx_word' id='word_1_3' title='bbox 83 439 133 484; x_wconf 78' lang='lat' dir='ltr'>cre</span> <span class='ocrx_word' id='word_1_4' title='bbox 159 416 213 497; x_wconf 90' lang='lat' dir='ltr'>qui</span> <span class='ocrx_word' id='word_1_5' title='bbox 237 436 299 479; x_wconf 95' lang='lat' dir='ltr'>non</span> <span class='ocrx_word' id='word_1_6' title='bbox 323 419 398 478; x_wconf 91' lang='lat' dir='ltr'>ante</span> <span class='ocrx_word' id='word_1_7' title='bbox 421 413 560 494; x_wconf 84' lang='lat' dir='ltr'>aliquem</span> <span class='ocrx_word' id='word_1_8' title='bbox 584 411 736 475; x_wconf 89' lang='lat' dir='ltr'>maiorem</span> <span class='ocrx_word' id='word_1_9' title='bbox 761 410 859 486; x_wconf 82' lang='lat' dir='ltr'>vidit,</span> <span class='ocrx_word' id='word_1_10' title='bbox 877 416 910 474; x_wconf 94' lang='lat' dir='ltr'>et</span> <span class='ocrx_word' id='word_1_11' title='bbox 931 409 1045 491; x_wconf 80' lang='lat' dir='ltr'>ingens</span> 
     </span>
     <span class='ocr_line' id='line_1_3' title="bbox 160 525 1100 610; baseline -0.006 -16"><span class='ocrx_word' id='word_1_12' title='bbox 160 531 255 595; x_wconf 90' lang='lat' dir='ltr'>arbor</span> <span class='ocrx_word' id='word_1_13' title='bbox 279 531 437 610; x_wconf 80' lang='lat' dir='ltr'>homoque</span> <span class='ocrx_word' id='word_1_14' title='bbox 460 528 604 605; x_wconf 90' lang='lat' dir='ltr'>videtur,</span> <span class='ocrx_word' id='word_1_15' title='bbox 622 533 653 592; x_wconf 90' lang='lat' dir='ltr'>et</span> <span class='ocrx_word' id='word_1_16' title='bbox 677 527 784 589; x_wconf 90' lang='lat' dir='ltr'>omnia</span> <span class='ocrx_word' id='word_1_17' title='bbox 807 525 848 590; x_wconf 90' lang='lat' dir='ltr'>de</span> <span class='ocrx_word' id='word_1_18' title='bbox 870 543 990 610; x_wconf 80' lang='lat' dir='ltr'>genere</span> <span class='ocrx_word' id='word_1_19' title='bbox 1014 526 1100 588; x_wconf 92' lang='lat' dir='ltr'>omni</span> 
     </span>
     <span class='ocr_line' id='line_1_4' title="bbox 160 640 1082 730; baseline -0.008 -21"><span class='ocrx_word' id='word_1_20' title='bbox 160 646 302 709; x_wconf 90' lang='lat' dir='ltr'>maxima</span> <span class='ocrx_word' id='word_1_21' title='bbox 325 664 405 724; x_wconf 88' lang='lat' dir='ltr'>quae</span> <span class='ocrx_word' id='word_1_22' title='bbox 427 642 507 707; x_wconf 90' lang='lat' dir='ltr'>vidit</span> <span class='ocrx_word' id='word_1_23' title='bbox 530 643 784 730; x_wconf 36' lang='lat' dir='ltr'>quisqueqhaec</span> <span class='ocrx_word' id='word_1_24' title='bbox 806 642 949 722; x_wconf 81' lang='lat' dir='ltr'>ingentia</span> <span class='ocrx_word' id='word_1_25' title='bbox 972 640 1082 723; x_wconf 87' lang='lat' dir='ltr'>fingit,</span> 
     </span>
     <span class='ocr_line' id='line_1_5' title="bbox 160 757 1043 838; baseline -0.006 -13"><span class='ocrx_word' id='word_1_26' title='bbox 160 782 230 825; x_wconf 90' lang='lat' dir='ltr'>cum</span> <span class='ocrx_word' id='word_1_27' title='bbox 254 766 360 823; x_wconf 90' lang='lat' dir='ltr'>tamon</span> <span class='ocrx_word' id='word_1_28' title='bbox 385 758 492 822; x_wconf 91' lang='lat' dir='ltr'>omnia</span> <span class='ocrx_word' id='word_1_29' title='bbox 516 778 587 822; x_wconf 93' lang='lat' dir='ltr'>cum</span> <span class='ocrx_word' id='word_1_30' title='bbox 610 758 701 823; x_wconf 90' lang='lat' dir='ltr'>caelo</span> <span class='ocrx_word' id='word_1_31' title='bbox 725 764 873 838; x_wconf 88' lang='lat' dir='ltr'>terraque</span> <span class='ocrx_word' id='word_1_32' title='bbox 896 757 1043 838; x_wconf 91' lang='lat' dir='ltr'>marique</span> 
     </span>
     <span class='ocr_line' id='line_1_6' title="bbox 159 874 979 940; baseline -0.005 -1"><span class='ocrx_word' id='word_1_33' title='bbox 159 876 203 939; x_wconf 94' lang='lat' dir='ltr'>nil</span> <span class='ocrx_word' id='word_1_34' title='bbox 227 875 291 940; x_wconf 91' lang='lat' dir='ltr'>sint</span> <span class='ocrx_word' id='word_1_35' title='bbox 313 875 354 938; x_wconf 91' lang='lat' dir='ltr'>ad</span> <span class='ocrx_word' id='word_1_36' title='bbox 377 894 532 939; x_wconf 85' lang='lat' dir='ltr'>summanr</span> <span class='ocrx_word' id='word_1_37' title='bbox 556 875 688 938; x_wconf 87' lang='lat' dir='ltr'>summai</span> <span class='ocrx_word' id='word_1_38' title='bbox 714 874 810 938; x_wconf 89' lang='lat' dir='ltr'>totius</span> <span class='ocrx_word' id='word_1_39' title='bbox 833 893 979 937; x_wconf 90' lang='lat' dir='ltr'>omnem.</span> 
     </span>
     <span class='ocr_line' id='line_1_7' title="bbox 85 988 1076 1073; baseline -0.007 -13"><span class='ocrx_word' id='word_1_40' title='bbox 85 1014 136 1060; x_wconf 79' lang='lat' dir='ltr'>eso</span> <span class='ocrx_word' id='word_1_41' title='bbox 203 992 296 1055; x_wconf 91' lang='lat' dir='ltr'>Nunc</span> <span class='ocrx_word' id='word_1_42' title='bbox 318 998 423 1054; x_wconf 90' lang='lat' dir='ltr'>tamen</span> <span class='ocrx_word' id='word_1_43' title='bbox 447 989 505 1053; x_wconf 90' lang='lat' dir='ltr'>illa</span> <span class='ocrx_word' id='word_1_44' title='bbox 527 988 632 1054; x_wconf 91' lang='lat' dir='ltr'>rnodis</span> <span class='ocrx_word' id='word_1_45' title='bbox 655 989 771 1070; x_wconf 88' lang='lat' dir='ltr'>quibus</span> <span class='ocrx_word' id='word_1_46' title='bbox 793 989 922 1052; x_wconf 87' lang='lat' dir='ltr'>inritata</span> <span class='ocrx_word' id='word_1_47' title='bbox 945 994 1076 1073; x_wconf 88' lang='lat' dir='ltr'>repente</span> 
     </span>
     <span class='ocr_line' id='line_1_8' title="bbox 159 1103 1007 1187; baseline -0.002 -18"><span class='ocrx_word' id='word_1_48' title='bbox 159 1107 288 1170; x_wconf 88' lang='lat' dir='ltr'>flamma</span> <span class='ocrx_word' id='word_1_49' title='bbox 311 1107 400 1170; x_wconf 84' lang='lat' dir='ltr'>foras</span> <span class='ocrx_word' id='word_1_50' title='bbox 422 1106 522 1169; x_wconf 86' lang='lat' dir='ltr'>vastis</span> <span class='ocrx_word' id='word_1_51' title='bbox 545 1106 669 1169; x_wconf 82' lang='lat' dir='ltr'>Aetnae</span> <span class='ocrx_word' id='word_1_52' title='bbox 692 1103 878 1169; x_wconf 79' lang='lat' dir='ltr'><strong>fornacibus</strong></span> <span class='ocrx_word' id='word_1_53' title='bbox 902 1103 1007 1187; x_wconf 85' lang='lat' dir='ltr'>efflet,</span> 
     </span>
     <span class='ocr_line' id='line_1_9' title="bbox 162 1220 928 1304; baseline -0.001 -19"><span class='ocrx_word' id='word_1_54' title='bbox 162 1221 353 1304; x_wconf 84' lang='lat' dir='ltr'>expediam.</span> <span class='ocrx_word' id='word_1_55' title='bbox 370 1220 505 1304; x_wconf 93' lang='lat' dir='ltr'>primum</span> <span class='ocrx_word' id='word_1_56' title='bbox 527 1221 623 1284; x_wconf 89' lang='lat' dir='ltr'>totius</span> <span class='ocrx_word' id='word_1_57' title='bbox 646 1220 790 1284; x_wconf 92' lang='lat' dir='ltr'>subcava</span> <span class='ocrx_word' id='word_1_58' title='bbox 813 1220 928 1284; x_wconf 91' lang='lat' dir='ltr'>montis</span> 
     </span>
     <span class='ocr_line' id='line_1_10' title="bbox 162 1334 945 1419; baseline -0.001 -20"><span class='ocrx_word' id='word_1_59' title='bbox 162 1343 210 1400; x_wconf 89' lang='lat' dir='ltr'>est</span> <span class='ocrx_word' id='word_1_60' title='bbox 233 1343 367 1419; x_wconf 83' lang='lat' dir='ltr'>natura,</span> <span class='ocrx_word' id='word_1_61' title='bbox 384 1334 453 1400; x_wconf 85' lang='lat' dir='ltr'>fere</span> <span class='ocrx_word' id='word_1_62' title='bbox 477 1334 601 1398; x_wconf 87' lang='lat' dir='ltr'>silicum</span> <span class='ocrx_word' id='word_1_63' title='bbox 625 1334 755 1398; x_wconf 87' lang='lat' dir='ltr'>suffulta</span> <span class='ocrx_word' id='word_1_64' title='bbox 778 1336 945 1400; x_wconf 87' lang='lat' dir='ltr'>cavernis.</span> 
     </span>
     <span class='ocr_line' id='line_1_11' title="bbox 162 1449 1025 1534; baseline -0.003 -17"><span class='ocrx_word' id='word_1_65' title='bbox 162 1451 309 1517; x_wconf 93' lang='lat' dir='ltr'>omnibus</span> <span class='ocrx_word' id='word_1_66' title='bbox 333 1458 380 1515; x_wconf 88' lang='lat' dir='ltr'>est</span> <span class='ocrx_word' id='word_1_67' title='bbox 402 1471 497 1534; x_wconf 87' lang='lat' dir='ltr'>porro</span> <span class='ocrx_word' id='word_1_68' title='bbox 520 1451 552 1513; x_wconf 94' lang='lat' dir='ltr'>in</span> <span class='ocrx_word' id='word_1_69' title='bbox 576 1449 738 1533; x_wconf 83' lang='lat' dir='ltr'>speluncis</span> <span class='ocrx_word' id='word_1_70' title='bbox 760 1456 872 1514; x_wconf 89' lang='lat' dir='ltr'>ventus</span> <span class='ocrx_word' id='word_1_71' title='bbox 895 1455 927 1513; x_wconf 93' lang='lat' dir='ltr'>et</span> <span class='ocrx_word' id='word_1_72' title='bbox 950 1457 1025 1514; x_wconf 80' lang='lat' dir='ltr'>ae&#39;r.</span> 
     </span>
     <span class='ocr_line' id='line_1_12' title="bbox 87 1565 1038 1649; baseline -0.006 -14"><span class='ocrx_word' id='word_1_73' title='bbox 87 1591 137 1635; x_wconf 76' lang='lat' dir='ltr'>ese</span> <span class='ocrx_word' id='word_1_74' title='bbox 162 1573 274 1632; x_wconf 91' lang='lat' dir='ltr'>ventus</span> <span class='ocrx_word' id='word_1_75' title='bbox 299 1567 383 1630; x_wconf 92' lang='lat' dir='ltr'>enim</span> <span class='ocrx_word' id='word_1_76' title='bbox 406 1566 460 1649; x_wconf 85' lang='lat' dir='ltr'>fit,</span> <span class='ocrx_word' id='word_1_77' title='bbox 477 1566 530 1630; x_wconf 94' lang='lat' dir='ltr'>ubi</span> <span class='ocrx_word' id='word_1_78' title='bbox 554 1572 602 1629; x_wconf 91' lang='lat' dir='ltr'>est</span> <span class='ocrx_word' id='word_1_79' title='bbox 624 1565 777 1647; x_wconf 84' lang='lat' dir='ltr'>agitando</span> <span class='ocrx_word' id='word_1_80' title='bbox 802 1565 939 1648; x_wconf 79' lang='lat' dir='ltr'>percitus</span> <span class='ocrx_word' id='word_1_81' title='bbox 962 1573 1038 1631; x_wconf 74' lang='lat' dir='ltr'>aiir:</span> 
     </span>
     <span class='ocr_line' id='line_1_13' title="bbox 164 1680 994 1766; baseline -0.001 -21"><span class='ocrx_word' id='word_1_82' title='bbox 164 1683 215 1746; x_wconf 88' lang='lat' dir='ltr'>bio</span> <span class='ocrx_word' id='word_1_83' title='bbox 238 1683 290 1746; x_wconf 92' lang='lat' dir='ltr'>ubi</span> <span class='ocrx_word' id='word_1_84' title='bbox 314 1681 469 1766; x_wconf 90' lang='lat' dir='ltr'>percaluit</span> <span class='ocrx_word' id='word_1_85' title='bbox 492 1682 561 1746; x_wconf 88' lang='lat' dir='ltr'>cale</span> <span class='ocrx_word' id='word_1_86' title='bbox 583 1680 724 1762; x_wconf 84' lang='lat' dir='ltr'>iecitque</span> <span class='ocrx_word' id='word_1_87' title='bbox 746 1681 855 1745; x_wconf 92' lang='lat' dir='ltr'>omnia</span> <span class='ocrx_word' id='word_1_88' title='bbox 878 1682 994 1746; x_wconf 90' lang='lat' dir='ltr'>circum</span> 
     </span>
     <span class='ocr_line' id='line_1_14' title="bbox 162 1779 1103 1880; baseline 0 -17"><span class='ocrx_word' id='word_1_89' title='bbox 162 1819 244 1863; x_wconf 90' lang='lat' dir='ltr'>saxa</span> <span class='ocrx_word' id='word_1_90' title='bbox 266 1797 396 1873; x_wconf 80' lang='lat' dir='ltr'>iurene,</span> <span class='ocrx_word' id='word_1_91' title='bbox 414 1818 478 1879; x_wconf 87' lang='lat' dir='ltr'>qua</span> <span class='ocrx_word' id='word_1_92' title='bbox 502 1796 675 1880; x_wconf 83' lang='lat' dir='ltr'>contingit,</span> <span class='ocrx_word' id='word_1_93' title='bbox 692 1803 892 1879; x_wconf 84' lang='lat' dir='ltr'>terramque,</span> <span class='ocrx_word' id='word_1_94' title='bbox 911 1805 941 1860; x_wconf 86' lang='lat' dir='ltr'>et</span> <span class='ocrx_word' id='word_1_95' title='bbox 964 1779 1006 1863; x_wconf 91' lang='lat' dir='ltr'>ab</span> <span class='ocrx_word' id='word_1_96' title='bbox 1031 1799 1103 1863; x_wconf 90' lang='lat' dir='ltr'>ollis</span> 
     </span>
     <span class='ocr_line' id='line_1_15' title="bbox 163 1911 960 1992; baseline -0.005 -12"><span class='ocrx_word' id='word_1_97' title='bbox 163 1913 304 1980; x_wconf 90' lang='lat' dir='ltr'>excussit</span> <span class='ocrx_word' id='word_1_98' title='bbox 326 1912 463 1977; x_wconf 90' lang='lat' dir='ltr'>calidum</span> <span class='ocrx_word' id='word_1_99' title='bbox 487 1911 621 1976; x_wconf 89' lang='lat' dir='ltr'>fiammis</span> <span class='ocrx_word' id='word_1_100' title='bbox 644 1911 809 1976; x_wconf 89' lang='lat' dir='ltr'>velocibus</span> <span class='ocrx_word' id='word_1_101' title='bbox 830 1913 960 1992; x_wconf 85' lang='lat' dir='ltr'>ignem,</span> 
     </span>
     <span class='ocr_line' id='line_1_16' title="bbox 162 2025 921 2094; baseline 0 -1"><span class='ocrx_word' id='word_1_102' title='bbox 162 2029 245 2094; x_wconf 93' lang='lat' dir='ltr'>tollit</span> <span class='ocrx_word' id='word_1_103' title='bbox 267 2048 302 2093; x_wconf 90' lang='lat' dir='ltr'>se</span> <span class='ocrx_word' id='word_1_104' title='bbox 325 2048 364 2092; x_wconf 90' lang='lat' dir='ltr'>ao</span> <span class='ocrx_word' id='word_1_105' title='bbox 389 2028 482 2092; x_wconf 89' lang='lat' dir='ltr'>rectis</span> <span class='ocrx_word' id='word_1_106' title='bbox 504 2027 551 2091; x_wconf 90' lang='lat' dir='ltr'>ita</span> <span class='ocrx_word' id='word_1_107' title='bbox 573 2025 719 2090; x_wconf 90' lang='lat' dir='ltr'>faucibus</span> <span class='ocrx_word' id='word_1_108' title='bbox 743 2026 816 2090; x_wconf 87' lang='lat' dir='ltr'>eicit</span> <span class='ocrx_word' id='word_1_109' title='bbox 837 2027 921 2092; x_wconf 91' lang='lat' dir='ltr'>alte.</span> 
     </span>
     <span class='ocr_line' id='line_1_17' title="bbox 88 2140 1011 2225; baseline -0.007 -12"><span class='ocrx_word' id='word_1_110' title='bbox 88 2168 138 2213; x_wconf 87' lang='lat' dir='ltr'>eoo</span> <span class='ocrx_word' id='word_1_111' title='bbox 165 2145 223 2210; x_wconf 84' lang='lat' dir='ltr'>fert</span> <span class='ocrx_word' id='word_1_112' title='bbox 245 2146 356 2225; x_wconf 90' lang='lat' dir='ltr'>itaque</span> <span class='ocrx_word' id='word_1_113' title='bbox 379 2143 527 2207; x_wconf 88' lang='lat' dir='ltr'>ardorem</span> <span class='ocrx_word' id='word_1_114' title='bbox 550 2142 664 2223; x_wconf 85' lang='lat' dir='ltr'>longe,</span> <span class='ocrx_word' id='word_1_115' title='bbox 683 2140 843 2223; x_wconf 82' lang='lat' dir='ltr'>longeque</span> <span class='ocrx_word' id='word_1_116' title='bbox 867 2141 1011 2207; x_wconf 88' lang='lat' dir='ltr'>favillam</span> 
     </span>
     <span class='ocr_line' id='line_1_18' title="bbox 163 2255 917 2341; baseline -0.004 -18"><span class='ocrx_word' id='word_1_117' title='bbox 163 2260 289 2335; x_wconf 86' lang='lat' dir='ltr'>differt,</span> <span class='ocrx_word' id='word_1_118' title='bbox 306 2267 337 2323; x_wconf 84' lang='lat' dir='ltr'>et</span> <span class='ocrx_word' id='word_1_119' title='bbox 360 2278 471 2322; x_wconf 87' lang='lat' dir='ltr'>crassa</span> <span class='ocrx_word' id='word_1_120' title='bbox 493 2256 593 2321; x_wconf 85' lang='lat' dir='ltr'>volvit</span> <span class='ocrx_word' id='word_1_121' title='bbox 615 2255 755 2338; x_wconf 84' lang='lat' dir='ltr'>caligine</span> <span class='ocrx_word' id='word_1_122' title='bbox 777 2257 917 2341; x_wconf 82' lang='lat' dir='ltr'>sumum,</span> 
     </span>
     <span class='ocr_line' id='line_1_19' title="bbox 164 2372 943 2459; baseline 0.001 -21"><span class='ocrx_word' id='word_1_123' title='bbox 164 2373 366 2455; x_wconf 82' lang='lat' dir='ltr'>extruditque</span> <span class='ocrx_word' id='word_1_124' title='bbox 390 2373 483 2438; x_wconf 89' lang='lat' dir='ltr'>simul</span> <span class='ocrx_word' id='word_1_125' title='bbox 507 2372 652 2436; x_wconf 89' lang='lat' dir='ltr'>mirando</span> <span class='ocrx_word' id='word_1_126' title='bbox 675 2373 819 2457; x_wconf 91' lang='lat' dir='ltr'>pondere</span> <span class='ocrx_word' id='word_1_127' title='bbox 842 2395 943 2459; x_wconf 80' lang='lat' dir='ltr'>saxa3</span> 
     </span>
     <span class='ocr_line' id='line_1_20' title="bbox 164 2487 1000 2570; baseline 0.004 -19"><span class='ocrx_word' id='word_1_128' title='bbox 164 2510 203 2552; x_wconf 93' lang='lat' dir='ltr'>ne</span> <span class='ocrx_word' id='word_1_129' title='bbox 226 2488 352 2553; x_wconf 87' lang='lat' dir='ltr'>dubites</span> <span class='ocrx_word' id='word_1_130' title='bbox 376 2489 454 2570; x_wconf 92' lang='lat' dir='ltr'>quin</span> <span class='ocrx_word' id='word_1_131' title='bbox 476 2488 554 2553; x_wconf 91' lang='lat' dir='ltr'>haec</span> <span class='ocrx_word' id='word_1_132' title='bbox 577 2487 696 2552; x_wconf 88' lang='lat' dir='ltr'>animai</span> <span class='ocrx_word' id='word_1_133' title='bbox 719 2488 846 2552; x_wconf 91' lang='lat' dir='ltr'>turbida</span> <span class='ocrx_word' id='word_1_134' title='bbox 869 2489 909 2553; x_wconf 91' lang='lat' dir='ltr'>sit</span> <span class='ocrx_word' id='word_1_135' title='bbox 931 2489 1000 2556; x_wconf 87' lang='lat' dir='ltr'>vis.</span> 
     </span>
     <span class='ocr_line' id='line_1_21' title="bbox 163 2605 1043 2691; baseline 0.003 -22"><span class='ocrx_word' id='word_1_136' title='bbox 163 2612 331 2691; x_wconf 89' lang='lat' dir='ltr'>praeterea</span> <span class='ocrx_word' id='word_1_137' title='bbox 353 2626 470 2687; x_wconf 81' lang='lat' dir='ltr'>magna</span> <span class='ocrx_word' id='word_1_138' title='bbox 494 2605 638 2688; x_wconf 82' lang='lat' dir='ltr'>experti</span> <span class='ocrx_word' id='word_1_139' title='bbox 662 2625 748 2668; x_wconf 91' lang='lat' dir='ltr'>mare</span> <span class='ocrx_word' id='word_1_140' title='bbox 772 2605 886 2669; x_wconf 90' lang='lat' dir='ltr'>montis</span> <span class='ocrx_word' id='word_1_141' title='bbox 910 2607 950 2669; x_wconf 93' lang='lat' dir='ltr'>ad</span> <span class='ocrx_word' id='word_1_142' title='bbox 974 2605 1043 2672; x_wconf 88' lang='lat' dir='ltr'>eius</span> 
     </span>
     <span class='ocr_line' id='line_1_22' title="bbox 89 2720 965 2804; baseline -0.007 -12"><span class='ocrx_word' id='word_1_143' title='bbox 89 2745 138 2792; x_wconf 76' lang='lat' dir='ltr'>soa</span> <span class='ocrx_word' id='word_1_144' title='bbox 165 2722 291 2787; x_wconf 83' lang='lat' dir='ltr'>radices</span> <span class='ocrx_word' id='word_1_145' title='bbox 314 2721 432 2804; x_wconf 83' lang='lat' dir='ltr'>frangit</span> <span class='ocrx_word' id='word_1_146' title='bbox 454 2720 567 2785; x_wconf 89' lang='lat' dir='ltr'>fluctus</span> <span class='ocrx_word' id='word_1_147' title='bbox 591 2728 779 2802; x_wconf 86' lang='lat' dir='ltr'>aestumque</span> <span class='ocrx_word' id='word_1_148' title='bbox 801 2722 965 2786; x_wconf 88' lang='lat' dir='ltr'>resorbet.</span> 
     </span>
     <span class='ocr_line' id='line_1_23' title="bbox 165 2835 1021 2920; baseline 0.002 -19"><span class='ocrx_word' id='word_1_149' title='bbox 165 2859 203 2901; x_wconf 89' lang='lat' dir='ltr'>ox</span> <span class='ocrx_word' id='word_1_150' title='bbox 226 2837 410 2920; x_wconf 87' lang='lat' dir='ltr'>hocusque</span> <span class='ocrx_word' id='word_1_151' title='bbox 434 2835 512 2899; x_wconf 89' lang='lat' dir='ltr'>mari</span> <span class='ocrx_word' id='word_1_152' title='bbox 536 2836 709 2919; x_wconf 87' lang='lat' dir='ltr'>speluncae</span> <span class='ocrx_word' id='word_1_153' title='bbox 731 2837 849 2900; x_wconf 90' lang='lat' dir='ltr'>montis</span> <span class='ocrx_word' id='word_1_154' title='bbox 872 2837 914 2900; x_wconf 87' lang='lat' dir='ltr'>ad</span> <span class='ocrx_word' id='word_1_155' title='bbox 938 2839 1021 2904; x_wconf 89' lang='lat' dir='ltr'>altas</span> 
     </span>
     <span class='ocr_line' id='line_1_24' title="bbox 163 2949 999 3038; baseline -0.001 -21"><span class='ocrx_word' id='word_1_156' title='bbox 163 2954 352 3038; x_wconf 87' lang='lat' dir='ltr'>perveniunt</span> <span class='ocrx_word' id='word_1_157' title='bbox 373 2954 481 3016; x_wconf 87' lang='lat' dir='ltr'>subter</span> <span class='ocrx_word' id='word_1_158' title='bbox 504 2951 613 3015; x_wconf 84' lang='lat' dir='ltr'>fauces</span> <span class='ocrx_word' id='word_1_159' title='bbox 628 2999 634 3013; x_wconf 93' lang='lat'><strong>.</strong></span> <span class='ocrx_word' id='word_1_160' title='bbox 651 2949 712 3014; x_wconf 88' lang='lat' dir='ltr'>hac</span> <span class='ocrx_word' id='word_1_161' title='bbox 734 2950 780 3014; x_wconf 91' lang='lat' dir='ltr'>ire</span> <span class='ocrx_word' id='word_1_162' title='bbox 803 2950 999 3016; x_wconf 87' lang='lat' dir='ltr'>fatendumst</span> 
     </span>
     <span class='ocr_line' id='line_1_25' title="bbox 164 3065 1051 3154; baseline -0.001 -21"><span class='ocrx_word' id='word_1_163' title='bbox 164 3075 197 3134; x_wconf 91' lang='lat' dir='ltr'>et</span> <span class='ocrx_word' id='word_1_164' title='bbox 218 3074 386 3152; x_wconf 89' lang='lat' dir='ltr'>penetrare</span> <span class='ocrx_word' id='word_1_165' title='bbox 410 3065 506 3131; x_wconf 92' lang='lat' dir='ltr'>maris</span> <span class='ocrx_word' id='word_1_166' title='bbox 529 3066 657 3149; x_wconf 90' lang='lat' dir='ltr'>penitus</span> <span class='ocrx_word' id='word_1_167' title='bbox 679 3073 829 3150; x_wconf 90' lang='lat' dir='ltr'>percocta</span> <span class='ocrx_word' id='word_1_168' title='bbox 852 3068 883 3131; x_wconf 92' lang='lat' dir='ltr'>in</span> <span class='ocrx_word' id='word_1_169' title='bbox 908 3076 1051 3154; x_wconf 90' lang='lat' dir='ltr'>apertum</span> 
     </span>
     <span class='ocr_line' id='line_1_26' title="bbox 165 3174 1041 3265; baseline 0.001 -17"><span class='ocrx_word' id='word_1_170' title='bbox 165 3174 271 3265; x_wconf 79' lang='lat' dir='ltr'>atque&#39;</span> <span class='ocrx_word' id='word_1_171' title='bbox 287 3181 397 3246; x_wconf 82' lang='lat' dir='ltr'>efflare</span> <span class='ocrx_word' id='word_1_172' title='bbox 420 3181 527 3260; x_wconf 84' lang='lat' dir='ltr'>foras,</span> <span class='ocrx_word' id='word_1_173' title='bbox 543 3182 680 3264; x_wconf 90' lang='lat' dir='ltr'>ideoque</span> <span class='ocrx_word' id='word_1_174' title='bbox 703 3183 856 3248; x_wconf 84' lang='lat' dir='ltr'>extollere</span> <span class='ocrx_word' id='word_1_175' title='bbox 878 3183 1041 3249; x_wconf 87' lang='lat' dir='ltr'>flammam</span> 
     </span>
     <span class='ocr_line' id='line_1_27' title="bbox 91 3298 1005 3378; baseline -0.001 -14"><span class='ocrx_word' id='word_1_176' title='bbox 91 3320 139 3366; x_wconf 82' lang='lat' dir='ltr'>roo</span> <span class='ocrx_word' id='word_1_177' title='bbox 164 3317 307 3378; x_wconf 88' lang='lat' dir='ltr'>saxaque</span> <span class='ocrx_word' id='word_1_178' title='bbox 331 3298 510 3362; x_wconf 90' lang='lat' dir='ltr'>subiectare</span> <span class='ocrx_word' id='word_1_179' title='bbox 533 3302 565 3361; x_wconf 90' lang='lat' dir='ltr'>et</span> <span class='ocrx_word' id='word_1_180' title='bbox 586 3317 703 3362; x_wconf 88' lang='lat' dir='ltr'>arenae</span> <span class='ocrx_word' id='word_1_181' title='bbox 725 3298 838 3362; x_wconf 89' lang='lat' dir='ltr'>tollere</span> <span class='ocrx_word' id='word_1_182' title='bbox 861 3299 1005 3365; x_wconf 89' lang='lat' dir='ltr'>nimbos.</span> 
     </span>
     <span class='ocr_line' id='line_1_28' title="bbox 165 3413 1002 3501; baseline 0.002 -25"><span class='ocrx_word' id='word_1_183' title='bbox 165 3413 196 3476; x_wconf 94' lang='lat' dir='ltr'>in</span> <span class='ocrx_word' id='word_1_184' title='bbox 221 3434 343 3478; x_wconf 89' lang='lat' dir='ltr'>summo</span> <span class='ocrx_word' id='word_1_185' title='bbox 367 3421 440 3478; x_wconf 89' lang='lat' dir='ltr'>sunt</span> <span class='ocrx_word' id='word_1_186' title='bbox 460 3413 581 3478; x_wconf 88' lang='lat' dir='ltr'>vertice</span> <span class='ocrx_word' id='word_1_187' title='bbox 604 3413 688 3478; x_wconf 88' lang='lat' dir='ltr'>enim</span> <span class='ocrx_word' id='word_1_188' title='bbox 711 3420 870 3498; x_wconf 84' lang='lat' dir='ltr'>crateres,</span> <span class='ocrx_word' id='word_1_189' title='bbox 887 3421 921 3478; x_wconf 92' lang='lat' dir='ltr'>ut</span> <span class='ocrx_word' id='word_1_190' title='bbox 943 3415 1002 3501; x_wconf 90' lang='lat' dir='ltr'>ipsi</span> 
     </span>
     <span class='ocr_line' id='line_1_29' title="bbox 163 3528 1078 3612; baseline 0.004 -19"><span class='ocrx_word' id='word_1_191' title='bbox 163 3529 375 3608; x_wconf 87' lang='lat' dir='ltr'>nominitant;</span> <span class='ocrx_word' id='word_1_192' title='bbox 391 3551 450 3595; x_wconf 90' lang='lat' dir='ltr'>nos</span> <span class='ocrx_word' id='word_1_193' title='bbox 473 3528 559 3610; x_wconf 90' lang='lat' dir='ltr'>quod</span> <span class='ocrx_word' id='word_1_194' title='bbox 583 3528 695 3594; x_wconf 84' lang='lat' dir='ltr'>fauces</span> <span class='ocrx_word' id='word_1_195' title='bbox 718 3528 923 3612; x_wconf 85' lang='lat' dir='ltr'>perhibemus</span> <span class='ocrx_word' id='word_1_196' title='bbox 946 3537 978 3596; x_wconf 92' lang='lat' dir='ltr'>et</span> <span class='ocrx_word' id='word_1_197' title='bbox 1000 3552 1078 3597; x_wconf 88' lang='lat' dir='ltr'>ora.</span> 
     </span>
     <span class='ocr_line' id='line_1_30' title="bbox 35 3645 1212 3727; baseline 0.008 -20"><span class='ocrx_word' id='word_1_198' title='bbox 35 3721 37 3725; x_wconf 10' lang='lat'><strong>¹</strong></span> <span class='ocrx_word' id='word_1_199' title='bbox 94 3677 142 3690; x_wconf 56' lang='grc' dir='ltr'><strong>ν</strong></span> <span class='ocrx_word' id='word_1_200' title='bbox 204 3645 283 3708; x_wconf 84' lang='lat' dir='ltr'>Sunt</span> <span class='ocrx_word' id='word_1_201' title='bbox 306 3645 428 3727; x_wconf 89' lang='lat' dir='ltr'>aliquot</span> <span class='ocrx_word' id='word_1_202' title='bbox 450 3665 576 3727; x_wconf 90' lang='lat' dir='ltr'>quoque</span> <span class='ocrx_word' id='word_1_203' title='bbox 599 3665 650 3709; x_wconf 91' lang='lat' dir='ltr'>res</span> <span class='ocrx_word' id='word_1_204' title='bbox 674 3665 806 3726; x_wconf 91' lang='lat' dir='ltr'>quarum</span> <span class='ocrx_word' id='word_1_205' title='bbox 830 3667 927 3711; x_wconf 90' lang='lat' dir='ltr'>unam</span> <span class='ocrx_word' id='word_1_206' title='bbox 952 3647 1057 3713; x_wconf 90' lang='lat' dir='ltr'>di&#39;cere</span> <span class='ocrx_word' id='word_1_207' title='bbox 1080 3670 1212 3716; x_wconf 86' lang='lat' dir='ltr'>oausam</span> 
     </span>
     <span class='ocr_line' id='line_1_31' title="bbox 167 3760 1092 3848; baseline 0.004 -25"><span class='ocrx_word' id='word_1_208' title='bbox 167 3780 231 3823; x_wconf 95' lang='lat' dir='ltr'>non</span> <span class='ocrx_word' id='word_1_209' title='bbox 254 3760 333 3825; x_wconf 88' lang='lat' dir='ltr'>satis</span> <span class='ocrx_word' id='word_1_210' title='bbox 356 3767 424 3839; x_wconf 87' lang='lat' dir='ltr'>est,</span> <span class='ocrx_word' id='word_1_211' title='bbox 441 3780 549 3825; x_wconf 91' lang='lat' dir='ltr'>verum</span> <span class='ocrx_word' id='word_1_212' title='bbox 573 3760 693 3844; x_wconf 87' lang='lat' dir='ltr'>pluris,</span> <span class='ocrx_word' id='word_1_213' title='bbox 710 3760 795 3826; x_wconf 91' lang='lat' dir='ltr'>unde</span> <span class='ocrx_word' id='word_1_214' title='bbox 816 3782 881 3826; x_wconf 88' lang='lat' dir='ltr'>una</span> <span class='ocrx_word' id='word_1_215' title='bbox 902 3767 1009 3827; x_wconf 92' lang='lat' dir='ltr'>tamen</span> <span class='ocrx_word' id='word_1_216' title='bbox 1031 3763 1092 3848; x_wconf 86' lang='lat' dir='ltr'>sit;</span> 
     </span>
     <span class='ocr_line' id='line_1_32' title="bbox 92 3875 1036 3960; baseline 0.003 -20"><span class='ocrx_word' id='word_1_217' title='bbox 92 3896 140 3944; x_wconf 78' lang='lat' dir='ltr'>rou</span> <span class='ocrx_word' id='word_1_218' title='bbox 167 3895 281 3958; x_wconf 91' lang='lat' dir='ltr'>corpus</span> <span class='ocrx_word' id='word_1_219' title='bbox 304 3881 338 3938; x_wconf 94' lang='lat' dir='ltr'>ut</span> <span class='ocrx_word' id='word_1_220' title='bbox 360 3876 542 3941; x_wconf 89' lang='lat' dir='ltr'>exanimum</span> <span class='ocrx_word' id='word_1_221' title='bbox 566 3875 683 3958; x_wconf 91' lang='lat' dir='ltr'>siquod</span> <span class='ocrx_word' id='word_1_222' title='bbox 704 3877 818 3960; x_wconf 88' lang='lat' dir='ltr'>procul</span> <span class='ocrx_word' id='word_1_223' title='bbox 839 3877 909 3960; x_wconf 89' lang='lat' dir='ltr'>ipse</span> <span class='ocrx_word' id='word_1_224' title='bbox 931 3876 1036 3943; x_wconf 88' lang='lat' dir='ltr'>iacere</span> 
     </span>
    </p>
   </div>
   <div class='ocr_carea' id='block_1_3' title="bbox 168 4149 1290 4311">
    <p class='ocr_par' dir='ltr' id='par_1_3' title="bbox 168 4149 1290 4311">
     <span class='ocr_line' id='line_1_33' title="bbox 168 4149 1290 4228; baseline 0.008 -28"><span class='ocrx_word' id='word_1_225' title='bbox 168 4155 217 4200; x_wconf 75' lang='lat' dir='ltr'>67ss</span> <span class='ocrx_word' id='word_1_226' title='bbox 238 4153 337 4200; x_wconf 84' lang='lat' dir='ltr'>omnis.</span> <span class='ocrx_word' id='word_1_227' title='bbox 359 4151 371 4220; x_wconf 71' lang='grc' dir='ltr'>Η</span> <span class='ocrx_word' id='word_1_228' title='bbox 393 4155 443 4201; x_wconf 81' lang='grc'>683</span> <span class='ocrx_word' id='word_1_229' title='bbox 462 4152 573 4201; x_wconf 90' lang='lat' dir='ltr'>sillicum</span> <span class='ocrx_word' id='word_1_230' title='bbox 597 4149 610 4220; x_wconf 69' lang='lat' dir='ltr'>ll</span> <span class='ocrx_word' id='word_1_231' title='bbox 635 4155 683 4202; x_wconf 82' lang='grc'>687</span> <span class='ocrx_word' id='word_1_232' title='bbox 704 4154 813 4218; x_wconf 87' lang='lat' dir='ltr'>contigit</span> <span class='ocrx_word' id='word_1_233' title='bbox 833 4153 846 4222; x_wconf 75' lang='grc' dir='ltr'>Η</span> <span class='ocrx_word' id='word_1_234' title='bbox 867 4157 917 4204; x_wconf 87' lang='grc'>690</span> <span class='ocrx_word' id='word_1_235' title='bbox 936 4156 1005 4218; x_wconf 84' lang='lat' dir='ltr'>itque</span> <span class='ocrx_word' id='word_1_236' title='bbox 1026 4153 1039 4221; x_wconf 80' lang='grc' dir='ltr'>Η</span> <span class='ocrx_word' id='word_1_237' title='bbox 1060 4158 1110 4205; x_wconf 84' lang='grc'>695</span> <span class='ocrx_word' id='word_1_238' title='bbox 1130 4159 1254 4209; x_wconf 81' lang='lat' dir='ltr'>resolvet.</span> <span class='ocrx_word' id='word_1_239' title='bbox 1276 4159 1290 4228; x_wconf 83' lang='grc' dir='ltr'>Η</span> 
     </span>
     <span class='ocr_line' id='line_1_34' title="bbox 168 4240 1170 4311; baseline 0.006 -24"><span class='ocrx_word' id='word_1_240' title='bbox 168 4242 217 4288; x_wconf 75' lang='grc'>698</span> <span class='ocrx_word' id='word_1_241' title='bbox 236 4241 300 4289; x_wconf 90' lang='lat' dir='ltr'>mari</span> <span class='ocrx_word' id='word_1_242' title='bbox 318 4240 418 4304; x_wconf 86' lang='lat' dir='ltr'>penitus</span> <span class='ocrx_word' id='word_1_243' title='bbox 437 4256 475 4289; x_wconf 87' lang='lat' dir='ltr'>res</span> <span class='ocrx_word' id='word_1_244' title='bbox 494 4240 565 4304; x_wconf 83' lang='lat' dir='ltr'>cogit</span> <span class='ocrx_word' id='word_1_245' title='bbox 583 4249 688 4304; x_wconf 84' lang='lat' dir='ltr'>aperto.</span> <span class='ocrx_word' id='word_1_246' title='bbox 710 4240 722 4309; x_wconf 72' lang='lat' dir='ltr'>ll</span> <span class='ocrx_word' id='word_1_247' title='bbox 744 4246 791 4291; x_wconf 78' lang='grc'>791</span> <span class='ocrx_word' id='word_1_248' title='bbox 812 4243 932 4293; x_wconf 88' lang='lat' dir='ltr'>verticeni</span> <span class='ocrx_word' id='word_1_249' title='bbox 954 4242 967 4311; x_wconf 76' lang='grc' dir='ltr'>Η</span> <span class='ocrx_word' id='word_1_250' title='bbox 990 4246 1039 4293; x_wconf 77' lang='grc'>705</span> <span class='ocrx_word' id='word_1_251' title='bbox 1059 4244 1170 4293; x_wconf 88' lang='lat' dir='ltr'>iaceret.</span> 
     </span>
    </p>
   </div>
   <div class='ocr_carea' id='block_1_4' title="bbox 0 0 1388 4658">
    <p class='ocr_par' dir='ltr' id='par_1_4' title="bbox 0 0 1388 4658">
     <span class='ocr_line' id='line_1_35' title="bbox 0 0 1388 4658; baseline 0 0"><span class='ocrx_word' id='word_1_252' title='bbox 0 0 1388 4658; x_wconf 95' lang='lat' dir='ltr'> </span> 
     </span>
    </p>
   </div>
  </div>
 </body>
</html>
