2744 4658
154 250 215 316 164
700 244 728 309 V

152 417 295 484 sentibus
319 417 477 500 obducat,
493 415 526 480 ui
547 417 595 482 vis
617 417 758 480 humana
780 415 908 482 resistat

150 533 227 597 vitai
251 552 349 598 causa
371 531 481 598 valido
505 537 659 596 consueta
681 531 803 596 bidenti

151 648 312 730 ingemere
336 653 367 712 et
387 653 505 712 terram
528 647 647 731 pressis
670 646 874 731 proscindere
896 647 1032 712 aratris.

77 782 128 829 210
153 762 179 828 si
203 782 267 826 non
288 761 442 827 fecundas
463 767 626 828 vertentes
648 780 777 827 vomere
800 761 912 844 glebas

150 877 309 958 terraique
331 876 434 942 selum
456 876 643 960 subigentes
667 877 766 941 cimus
789 875 831 940 ad
855 882 964 955 ortus,

154 996 268 1074 sponte
290 1012 348 1056 sua
370 996 532 1073 nequeant
553 990 691 1072 liquidas
715 992 851 1056 existere
873 991 905 1056 in
930 1012 1049 1069 auras,

15 1125 18 1135 ·
82 1115 84 1118 ’
153 1110 183 1169 et
205 1111 313 1170 tamen
334 1105 417 1169 inter
439 1105 514 1169 dum
536 1126 654 1188 magno
679 1107 824 1188 quaesita
846 1105 958 1170 laborc

152 1240 223 1285 curn
245 1219 308 1284 iarn
332 1239 391 1304 per
409 1225 513 1286 terras
535 1219 685 1287 frondent
706 1228 803 1303 atque
827 1222 934 1286 omnia
955 1221 1088 1306 florent,

77 1354 127 1401 210
152 1341 209 1399 001
230 1335 334 1399 nimiis
357 1342 457 1400 torret
477 1336 654 1401 fervoribus
676 1336 836 1401 aetherius
858 1336 908 1401 001

154 1457 208 1514 aut
228 1451 322 1516 subiti
347 1458 513 1534 peremunt
534 1452 644 1517 imbris
667 1451 861 1533 gelidaeque
884 1450 1038 1536 pruinae,

153 1564 318 1647 flabraque
340 1570 506 1630 ventorum
528 1563 668 1657 violento
692 1565 817 1630 turbine
840 1571 977 1631 vexant.

153 1685 319 1764 praeterea
341 1657 442 1763 genus
466 1678 655 1744 horriferum
679 1685 791 1744 natura
814 1679 956 1745 ferarum

152 1796 311 1859 humanae
333 1794 420 1878 genti
442 1792 591 1881 infestum
614 1799 763 1877 terraque
785 1796 930 1878 marique

79 1929 130 1976 220
155 1929 209 1974 cur
231 1909 287 1973 alit
309 1915 403 1991 atque
427 1911 549 1992 auget?
565 1929 619 1973 cur
641 1910 716 1972 anni
740 1916 884 1994 tempora
906 1910 1036 1976 rnorbos

154 2026 341 2108 atportant?
357 2043 457 2106 quare
480 2045 565 2090 mors
587 2024 746 2089 inmatura
769 2027 929 2108 vagatur?

152 2144 217 2203 turn
240 2160 335 2223 porro
358 2160 457 2224 puer,
473 2143 507 2202 ut
529 2141 634 2203 saevis
656 2138 817 2221 01000100
840 2140 881 2203 ab
905 2138 999 2203 undis

154 2253 281 2330 navita,
298 2253 400 2318 nudus
421 2253 508 2316 humi
531 2252 636 2336 iacet,
651 2250 777 2329 infans,
794 2253 921 2337 indigns
944 2255 1030 2319 ornni

155 2367 245 2431 vitali
268 2367 408 2451 auxilio,
426 2388 496 2438 curn
519 2367 656 2451 prirnurn
678 2368 711 2432 in
734 2368 862 2432 lnrninis
885 2388 960 2433 oras

80 2503 130 2550 220
156 2481 283 2546 niuibus
307 2501 346 2547 ex
369 2481 442 2547 alvo
465 2481 574 2546 uratris
597 2487 712 2546 natura
734 2482 897 2568 profudit,

156 2596 329 2677 vagituque
351 2596 454 2662 locurn
478 2596 606 2680 lugubri
629 2599 785 2683 complet,
801 2605 835 2664 ut
857 2603 998 2663 aecunrst

155 2710 205 2775 cni
227 2717 346 2776 tantum
371 2711 403 2775 in
426 2712 491 2775 vita
511 2717 609 2776 restet
630 2714 767 2778 transire
789 2715 964 2777 malorum.

155 2830 188 2889 at
209 2826 315 2891 variae
339 2833 485 2891 crescunt
504 2826 645 2909 pecudes
669 2832 814 2890 armenta
835 2826 1007 2910 feraeque,

155 2960 216 3006 nec
238 2939 441 3025 crepitacillis
464 2944 543 3022 opus
567 2945 634 3024 est,
650 2960 711 3006 nec
734 2941 880 3024 cuiquam
902 2942 1116 3007 adhibendast

80 3075 131 3121 200
156 3056 260 3120 almae
282 3054 412 3118 nutricis
435 3053 556 3117 blanda
578 3060 673 3137 atque
696 3054 832 3121 infracta
853 3056 1015 3139 loquella,

156 3188 216 3234 nec
237 3168 341 3232 varias
365 3174 521 3250 quaerunt
543 3177 648 3235 vestes
670 3191 727 3254 pro
750 3176 895 3255 tempore
917 3172 1019 3256 caeli,

154 3284 292 3366 denique
315 3304 379 3348 non
401 3285 497 3349 annis
521 3306 601 3369 0000
624 3290 691 3368 est,
708 3306 773 3350 non
795 3287 961 3352 moenibus
984 3286 1077 3363 altis,

156 3400 209 3481 qui
233 3418 290 3464 sua
312 3404 470 3483 tutentur,
488 3398 615 3481 quando
639 3400 785 3466 omnibus
809 3401 917 3466 omnia
938 3402 1030 3480 large

154 3515 249 3579 tellus
271 3515 343 3598 ipsa
365 3515 450 3599 parit
472 3519 648 3597 naturaque
673 3515 811 3580 daedala
834 3534 939 3580 rerum
952 3514 978 3601 .]

80 3650 130 3697 200
197 3629 529 3719 QQinqucuiam
553 3631 649 3695 terrai
674 3648 789 3714 corpus
812 3635 843 3694 ct
866 3650 956 3693 unior

155 3764 367 3827 aurarumque
389 3745 475 3809 leves
498 3745 624 3809 animae
647 3743 806 3826 calidique
829 3763 985 3828 vapores,

154 3878 172 3924 e
194 3858 309 3941 quibus
331 3859 411 3924 hacc
433 3878 538 3923 rerunr
559 3860 732 3925 consistere
755 3879 878 3924 summa
900 3858 1044 3938 videtur,

154 4136 208 4206 208
227 4135 339 4185 dibenti.
364 4132 377 4200 ΙΙ
403 4135 453 4183 209
473 4134 550 4184 anis.
577 4131 591 4202 ΙΙ
616 4137 664 4183 211
686 4135 829 4196 Terraeque
854 4130 867 4201 Η
894 4135 943 4182 223
963 4133 1083 4197 indignus
1109 4128 1124 4201 ll
1149 4134 1199 4182 227
1225 4142 1279 4183 reet

156 4223 285 4273 transirest
304 4221 317 4291 ll
339 4223 389 4270 230
407 4221 485 4270 Anne
506 4218 518 4289 11
539 4222 657 4283 loquela.
