2744 4658
682 225 710 289 V

133 414 220 477 quae
243 414 378 476 cumque
400 395 483 460 inter
505 415 540 460 se
562 403 695 479 possent
716 416 890 478 congressa
912 417 1042 477 creare,

134 515 307 593 propterea
328 508 362 572 fit
383 509 427 573 uti
449 530 600 591 magnum
623 510 754 594 volgata
774 529 833 595 per
854 532 968 578 aevom

134 643 229 688 omne
252 643 355 705 genus
377 629 487 689 coetus
510 629 542 688 et
564 632 668 689 motus
690 606 886 708 experiundo

134 735 267 803 tandem
290 738 484 803 conveniant
506 757 546 803 ea
568 758 653 820 quae
675 745 829 805 convecta
852 747 984 825 repente

47 873 108 920 430
134 871 328 932 magnarum
349 871 455 916 rerum
476 851 555 916 fiunt
576 853 710 918 exordia
734 873 879 939 semper,

133 964 233 1030 terrai
254 964 353 1029 maris
375 970 407 1029 et
428 966 510 1030 caeli
531 967 722 1050 generisque
744 968 961 1033 animantum.

174 1080 235 1144 Hic
256 1098 361 1161 neque
383 1085 449 1142 tum
471 1080 548 1144 solis
570 1086 641 1144 rota
664 1082 750 1146 cerni
772 1081 892 1148 lumine
914 1084 1005 1167 largo

134 1192 306 1259 altivolans
328 1198 454 1277 poterat
475 1213 534 1258 nec
556 1195 666 1278 magni
689 1194 796 1259 sidera
817 1197 927 1260 mundi

132 1327 193 1373 nee
213 1325 302 1372 mare
324 1327 383 1373 nec
406 1307 530 1372 caelum
552 1327 612 1374 neo
635 1309 775 1391 denique
798 1315 883 1374 terra
904 1328 1008 1392 neque
1033 1320 1088 1378 aer
1132 1354 1133 1358 =

55 1443 109 1491 435
140 1441 202 1488 nec
224 1420 339 1487 similis
360 1422 475 1488 nostris
498 1423 593 1488 rebus
614 1442 667 1487 res
689 1424 755 1488 ulla
777 1423 896 1500 videri,

135 1536 196 1603 sed
218 1556 302 1602 nova
324 1542 496 1622 tempestas
519 1538 676 1619 quaedam
698 1538 864 1621 molesque
886 1547 996 1606 coorta

56 1674 111 1721 440
136 1671 233 1718 0000
254 1672 357 1734 genus
379 1652 419 1717 de
440 1651 624 1737 principiis,
642 1653 802 1718 discordia
824 1676 957 1737 quorum

136 1766 306 1834 intervalla
327 1766 398 1832 vias
420 1787 562 1833 conexus
584 1768 729 1851 pondera
750 1769 866 1854 plagas

138 1901 307 1948 concursus
329 1889 433 1948 motus
455 1882 606 1947 turbabat
627 1882 750 1966 proelia
772 1883 928 1968 miscens,

137 2003 266 2083 propter
287 1996 450 2063 dissimilis
472 1996 593 2061 formas
614 1996 785 2077 variasque
806 1996 925 2080 figuras

137 2112 224 2194 quod
246 2133 311 2178 non
333 2113 441 2178 omnia
464 2113 510 2178 sie
531 2117 679 2196 poterant
701 2112 869 2179 coniuncta
891 2132 1022 2178 manere

57 2246 109 2294 440
135 2245 196 2293 000
216 2232 321 2292 motus
341 2227 425 2292 inter
446 2246 517 2292 sese
541 2226 620 2291 dare
643 2226 878 2293 convenientis.

55 2361 106 2409 aaa
134 2340 291 2423 diffugere
312 2321 387 2407 inde
409 2342 472 2406 loci
493 2347 601 2426 partes
624 2361 777 2427 coepere,
794 2334 966 2425 paresque⁶

131 2474 204 2520 cum
226 2456 355 2540 paribus
377 2456 465 2540 iungi
488 2476 540 2520 res
563 2461 593 2520 et
615 2454 796 2521 discludere
818 2456 971 2522 mundum

132 2571 342 2653 membraque
364 2570 507 2637 dividere
530 2576 561 2635 et
582 2591 720 2653 magnas
742 2570 914 2655 disponere
936 2580 1062 2657 partes,

54 2708 104 2755 446
132 2686 196 2751 boe
218 2691 323 2771 est‚a
345 2687 437 2753 terris
460 2687 558 2752 altum
580 2704 749 2752 secernere
772 2685 918 2764 eaelum,

131 2807 164 2867 et
185 2821 310 2868 sorsum
333 2821 420 2868 mare
441 2803 485 2865 uti
510 2808 633 2877 secreto
656 2821 766 2866 umore
790 2806 934 2886 pateret,

130 2935 261 2982 seorsus
283 2916 356 2981 item
378 2917 450 3001 puri
472 2917 648 3000 secretique
671 2917 810 2983 aetheris
831 2917 943 3001 ignes.

172 3030 307 3116 Quippe
322 3032 438 3097 etenim
461 3032 597 3116 primum
621 3031 719 3096 terrai
741 3052 876 3116 corpora
898 3051 1066 3116 quaeque,

55 3167 104 3215 rso
129 3152 304 3233 propterea
326 3145 411 3229 quod
434 3153 526 3212 eraut
547 3147 661 3229 gravia
684 3152 715 3210 et
735 3147 912 3230 perplexa,
930 3148 1056 3212 coibant

129 3261 166 3325 in
187 3262 294 3328 medio
317 3267 414 3342 atque
436 3261 520 3325 imas
542 3261 710 3344 capiebant
732 3260 841 3326 omnia
864 3258 979 3341 sedes3

129 3396 215 3459 quae
237 3382 356 3460 quanto
379 3375 482 3457 magis
504 3375 586 3439 inter
608 3394 643 3439 so
664 3374 819 3459 perplexa
842 3375 991 3454 coibant,

130 3499 195 3556 tam
219 3492 321 3575 magis
343 3508 530 3575 expressere
572 3510 591 3554 a
614 3508 697 3570 quae
719 3507 808 3553 mare
831 3489 937 3554 sidera
960 3489 1061 3554 solem

128 3607 304 3688 lunamque
327 3604 491 3670 efficerent
566 3605 674 3687 magni
696 3604 823 3668 moenia
844 3603 974 3668 mundi:

52 3740 104 3788 405
129 3720 240 3786 omnia
262 3720 346 3787 enim
370 3719 474 3802 magis
498 3718 579 3783 baec
603 3737 620 3783 e
642 3717 766 3783 levibus
788 3723 885 3800 atque
907 3716 1061 3784 rutundis'

132 4024 184 4072 428
203 4022 361 4085 Omnigenus
386 4019 399 4087 Η
424 4024 475 4070 429
500 4031 624 4072 conventa
650 4018 662 4089 Η
688 4023 739 4071 430
758 4020 839 4069 fluunt
862 4018 876 4088 Η
902 4036 992 4084 saepe.
1013 4018 1027 4087 Η
1051 4023 1100 4070 431
1122 4021 1215 4070 Terrae
1241 4018 1254 4087 Η

130 4113 182 4161 433
209 4110 272 4161 Alte
293 4109 380 4158 volans
410 4104 423 4176 Η
451 4111 502 4159 440
526 4108 683 4172 Omnigenus
707 4124 720 4158 e
750 4107 762 4175 Η
793 4111 841 4159 441
868 4108 910 4157 via
938 4105 952 4177 Η
981 4111 1030 4160 437
1054 4108 1132 4158 indue
1160 4104 1173 4173 Η
1203 4109 1254 4157 439

131 4214 226 4267 magna
246 4195 259 4266 Η
280 4198 330 4245 447
350 4211 423 4246 umor
442 4193 456 4264 Η
477 4198 527 4246 449
548 4205 629 4248 terrae
