2744 4658
664 219 809 282 VI·

123 388 381 473 quandoquidem
406 391 505 455 semel
527 390 648 456 institui
672 391 889 457 conscendere
913 412 1039 457 currum

121 511 287 570 ventosum
311 511 342 570 et
364 512 486 570 certant
507 506 694 591 plangentia
717 506 848 572 flamina
870 528 1014 589 rursum,

125 639 207 701 quac
230 618 366 702 fuerint,
384 621 473 705 sine,
489 623 616 705 placato
641 643 794 688 conversa
814 624 941 689 tinore.

60 758 95 805 55
167 734 281 799 Cetera
304 755 386 816 quae
409 735 476 800 fieri
500 737 533 800 in
556 739 649 802 terris
673 738 827 819 caeloque
850 743 979 801 tuentur

120 850 292 934 mortales,
309 851 435 934 pavidis
459 873 530 916 eum
553 853 693 937 pendent
715 853 865 917 mentibu'
887 873 1005 937 saepe,

121 967 202 1031 haec
224 964 344 1030 iaciunt
366 967 492 1032 animos
515 967 644 1033 humilis
666 968 834 1032 formidine
858 970 964 1034 divom

119 1080 355 1165 depressosque
379 1090 527 1165 premunt
549 1082 590 1147 ad
614 1089 730 1148 terram
755 1090 927 1167 propterea
949 1085 1035 1166 quod

118 1197 302 1279 ignorantia
325 1217 492 1263 causarum
519 1197 664 1264 conferre
687 1200 818 1264 deorum

60 1334 94 1381 55
119 1312 206 1395 cogit
228 1312 271 1376 ad
294 1313 460 1398 imperium
482 1333 533 1378 res
558 1321 589 1378 et
611 1315 785 1380 concedere
808 1335 960 1398 regnum.

61 1449 94 1496 58
120 1448 193 1492 nam
218 1428 298 1492 benc
322 1427 377 1509 qui
400 1429 539 1494 didicere
562 1431 641 1494 deos
664 1449 806 1494 securum
832 1449 928 1512 agere
950 1450 1085 1509 aevom,

118 1545 145 1608 si
169 1549 276 1607 tamen
299 1542 421 1607 interea
444 1545 598 1608 mirantur
622 1566 686 1627 qua
709 1545 834 1609 ratione

61 1679 94 1725 eo
119 1678 267 1740 quaeque
290 1659 358 1742 geri
382 1659 525 1743 possint,
541 1661 726 1745 praesertim
751 1661 845 1725 rebus
868 1663 900 1724 in
923 1661 985 1726 illis

120 1794 201 1856 quac
224 1794 338 1857 supera
360 1782 456 1857 eaput
477 1774 628 1840 aetheriis
652 1781 823 1839 cernuntur
844 1777 876 1839 in
903 1777 987 1860 oris,

122 1909 226 1955 rursus
248 1892 282 1952 in
305 1890 454 1971 antiquas
477 1889 655 1954 referuntur
678 1890 861 1976 religionis,

125 2009 155 2067 et
174 2004 317 2070 dominos
333 2001 424 2070 'acris
447 2005 650 2082 adsciscunt,
667 2007 774 2070 omnia
796 2027 891 2091 posse

119 2139 198 2202 quos
220 2121 325 2184 miseri
348 2119 502 2194 credunt,
519 2121 625 2203 ignari
648 2122 723 2203 quid
746 2130 842 2203 queat
865 2143 957 2206 esse,

58 2256 91 2304 55
117 2235 194 2317 quid
219 2242 379 2317 nequeat,
395 2235 484 2300 finita
506 2243 649 2321 potestas
673 2237 811 2320 denique
835 2240 949 2320 cuique

114 2371 180 2433 qua
202 2371 278 2415 nam
301 2351 342 2415 sit
364 2351 480 2415 rationi
504 2358 599 2432 atque
623 2351 686 2415 alte
710 2353 864 2418 terminus
887 2354 1045 2437 haerens;

114 2485 179 2547 quo
204 2466 307 2550 magis
330 2472 471 2530 errantes
495 2486 591 2530 caeca
614 2467 739 2531 ratione
761 2467 925 2533 seruntur.

117 2600 202 2662 quae
226 2580 287 2646 nisi
310 2581 434 2665 respuis
458 2601 496 2645 ex
520 2583 625 2645 animo
648 2583 808 2663 longeque
832 2583 965 2647 remittis

114 2695 166 2761 dis
187 2695 323 2777 indigna
345 2703 457 2781 putare
480 2697 649 2778 alienaque
673 2698 760 2779 pacis
784 2718 912 2781 eorum,

56 2831 89 2877 ro
117 2811 258 2877 delibata
280 2812 374 2876 deum
396 2820 508 2894 perte
531 2813 587 2875 tibi
612 2813 742 2876 numina
765 2818 877 2876 sancta

115 2945 213 3010 saepe
237 2928 392 3009 oberunt,
410 2947 474 2991 non
498 2948 560 3008 quo
584 2928 697 2991 violari
722 2948 846 2992 summa
869 2928 962 2991 deum
985 2928 1034 2992 vis

115 3043 237 3126 possit,
253 3050 286 3106 ut
308 3020 349 3107 cix
372 3043 421 3106 ira
444 3062 566 3126 poenas
589 3048 699 3126 petere
722 3044 847 3108 inbibat
868 3044 971 3115 acris,

115 3158 173 3222 sed
197 3160 273 3240 quia
295 3166 359 3221 tute
382 3159 438 3221 tibi
462 3157 589 3240 placida
613 3177 682 3222 curn
707 3177 787 3241 pace
811 3158 935 3239 quietos

112 3274 286 3339 constitues
309 3293 444 3355 magnos
467 3274 583 3336 irarum
608 3273 735 3337 volvere
758 3273 893 3354 fluctus,

57 3408 88 3454 ra
116 3408 175 3453 nec
198 3388 449 3479 delubradeunr
474 3389 601 3473 placido
626 3409 695 3451 curn
719 3395 849 3472 pectore
873 3388 998 3469 adibis,

114 3523 173 3569 nec
196 3505 237 3568 dc
260 3524 393 3589 corpore
418 3525 499 3586 quac
522 3511 633 3570 saneto
658 3504 829 3568 simulacra
851 3502 997 3566 seruntur

112 3618 145 3683 in
168 3626 291 3684 mentes
314 3619 475 3684 homiuum
499 3620 626 3684 divinae
649 3620 758 3682 nuntia
781 3618 923 3701 formae,

112 3820 277 3828 --——-
290 3823 314 3828 -.-

115 3950 147 3996 47
161 3947 287 4012 insignem
307 3945 320 4017 Η
340 3952 374 3999 48
388 3950 528 3998 Ventorum
542 3948 653 3999 exirtant
664 3950 795 4012 placentur
808 3947 896 3996 omnia
915 3945 928 4012 Η
949 3949 982 3996 49
996 3947 1046 3995 sint
1066 3948 1078 4013 Η
1099 3948 1202 3996 favore.
1223 3947 1236 4016 Η

115 4038 146 4086 51
160 4036 289 4085 montibus
310 4033 323 4103 Η
344 4041 376 4086 52
390 4037 421 4086 Et
436 4037 449 4102 Η
470 4040 502 4086 56
517 4040 628 4087 57:90
643 4040 671 4086 91
697 4039 708 4103 Η
730 4039 763 4086 63
776 4037 907 4085 adciscunt
921 4032 934 4102 Η
950 4037 982 4083 64
995 4035 1093 4084 miseris
1108 4033 1121 4102 Η
1136 4039 1168 4085 68
1181 4035 1237 4084 155-

113 4124 191 4188 giqne
203 4125 315 4174 remitti.
336 4127 348 4192 Η
371 4130 398 4174 ll
416 4127 523 4176 oderunt
537 4124 549 4196 Η
566 4127 670 4176 violaris
690 4127 703 4193 Η
726 4128 757 4174 72
772 4125 808 4173 ire
828 4125 839 4190 Η
862 4126 893 4172 73
907 4124 1022 4186 quietus.
1037 4121 1050 4191 Η
1072 4127 1104 4172 74
1117 4123 1206 4172 fletus.
1221 4120 1235 4194 Η

116 4215 147 4264 76
167 4213 286 4263 fuerunt.
