2744 4658
664 222 708 286 Vl

122 397 257 483 proinde
280 396 333 460 ubi
358 416 392 461 se
416 396 541 460 caelum
564 395 650 479 quod
673 393 765 458 nobis
788 392 870 456 forte
892 393 1033 458 alienum

40 488 106 582 1120
123 516 303 578 commovet
325 518 420 592 atque
443 517 498 575 aer
520 509 668 574 inimicus
690 528 820 593 serpere
844 509 968 592 coepit,

122 634 156 692 ut
178 627 296 692 nebula
318 646 357 690 ac
378 627 480 691 nubes
502 623 656 708 paulatim
678 623 762 708 repit
784 630 816 688 et
839 643 932 687 omne

124 763 185 827 qua
209 742 351 824 graditur
377 742 545 806 conturbat
567 746 598 803 et
619 739 787 804 immutare
810 744 956 821 coactat,

92 850 93 854 ’
120 857 155 921 fit
178 875 305 939 quoque
328 863 382 933 ut,
398 855 430 918 in
452 860 594 919 nostrum
618 874 689 919 cum
712 855 799 918 venit
821 852 960 935 denique
983 852 1126 927 caelum,

123 977 305 1055 corrumpat
327 970 507 1052 reddatque
531 969 580 1034 sui
602 969 705 1034 simile
728 975 823 1051 atque
846 968 1004 1032 alienum.

40 1109 105 1155 1125
122 1087 205 1152 haec
226 1087 322 1170 igitur
345 1086 450 1150 subito
474 1083 583 1149 clades
605 1104 690 1149 nova
712 1083 935 1168 pestilitasque

122 1209 178 1266 aut
200 1203 235 1265 in
256 1221 359 1283 aquas
383 1200 468 1265 cadit
491 1205 546 1262 aut
567 1197 676 1281 fruges
698 1198 832 1283 persidit
853 1198 885 1262 in
909 1197 997 1282 ipsas

122 1325 177 1380 aut
199 1316 280 1380 alios
303 1315 463 1379 hominum
486 1321 598 1400 pastus
620 1314 843 1399 pecudumque
866 1312 1010 1396 cibatus,

124 1438 179 1495 aut
201 1433 297 1496 etiam
320 1449 477 1515 suspensa
499 1437 608 1495 manet
629 1431 678 1494 vis
701 1428 831 1493 aerein
853 1427 945 1510 ipso,

122 1554 172 1630 et,
189 1566 260 1610 cunr
284 1543 443 1629 spirantes
465 1544 582 1610 mixtas
605 1544 680 1609 hino
703 1544 846 1608 ducimus
869 1562 985 1626 auras,

38 1682 105 1728 1130
121 1662 177 1725 illa
200 1680 326 1742 quoque
349 1661 382 1723 iu
405 1680 521 1743 corpus
543 1659 663 1744 pariter
685 1658 817 1724 sorbere
840 1663 1023 1723 necessest.

121 1775 279 1840 consimili
301 1776 425 1838 ratione
447 1775 534 1837 venit
555 1774 661 1837 bubus
684 1790 812 1853 quoque
835 1791 933 1855 saepe

110 1887 280 1971 pestilitas
303 1893 334 1951 et
356 1887 421 1951 iam
443 1887 545 1971 pigris
569 1887 753 1952 balantibus
775 1905 907 1969 aegror.

124 2022 182 2068 nec
204 2002 300 2067 refert
322 2008 426 2065 utrum
449 2022 509 2067 nos
532 2002 565 2066 in
588 2003 659 2067 loca
680 1999 890 2066 deveniamus

120 2117 213 2182 nobis
235 2115 374 2182 adversa
397 2122 428 2180 et
450 2115 532 2180 caeli
555 2122 713 2180 mutemus
736 2115 908 2198 amictum,

36 2253 103 2298 1135
122 2253 166 2296 an
188 2232 312 2296 caelum
336 2231 429 2296 nobis
452 2231 535 2295 ultro
558 2236 675 2295 natura
698 2236 841 2295 coortum

121 2343 245 2408 deserat
267 2350 322 2407 aut
345 2344 468 2425 aliquid
490 2365 553 2426 quo
576 2365 642 2409 non
664 2345 888 2411 consuevimus
911 2347 976 2429 uti,

125 2457 210 2539 quod
232 2478 291 2522 nos
314 2457 453 2523 adventu
474 2459 576 2543 possit
598 2465 753 2542 temptare
774 2460 914 2525 recenti.

160 2572 249 2636 Haec
271 2573 351 2637 ratio
375 2573 537 2656 quondam
559 2575 739 2637 morborum
763 2581 795 2639 et
816 2575 918 2639 morti’
940 2575 1022 2641 ferai

120 2687 237 2752 finibus
258 2688 292 2751 in
315 2688 464 2774 Cecropis
487 2688 632 2754 funestos
655 2689 794 2754 reddidit
815 2711 912 2772 agros

37 2826 104 2872 1140
120 2804 319 2885 vastavitque
342 2804 431 2889 vias,
448 2804 595 2870 exhausit
618 2804 738 2871 civibus
757 2806 887 2870 urbem.

120 2939 194 2981 nam
218 2918 345 3001 penitus
367 2920 500 2985 veniens
523 2920 662 3006 Aegypti
685 2919 792 2986 finibu’
816 2921 964 3004 morbus,

120 3040 196 3097 aera
217 3051 407 3117 permensus
428 3035 560 3098 multum
585 3055 779 3120 camposque
802 3037 963 3120 natantis,

119 3147 261 3212 incubuit
282 3148 411 3212 tandem
434 3150 552 3234 populo
576 3150 751 3215 Pandionis
774 3151 899 3216 omnei.

90 3338 93 3345 Ι
118 3263 195 3327 inde
218 3263 406 3329 catervatim
428 3265 539 3330 morbo
562 3265 720 3348 mortique
743 3267 922 3330 dabantur.

36 3399 102 3447 1145
118 3379 274 3464 principio
298 3384 396 3462 caput
417 3379 583 3444 incensum
606 3379 732 3445 fervore
754 3382 910 3463 gerebant

119 3499 151 3555 et
173 3493 309 3577 duplicis
333 3493 444 3559 oeulos
467 3495 584 3562 diffusa
607 3496 676 3559 luce
699 3497 871 3561 rubentes.

119 3608 280 3674 sudabant
301 3609 398 3675 etiarn
421 3610 531 3675 lauces
552 3612 741 3677 intrinsecus
764 3619 854 3677 atrae

120 3792 318 3800 -—.-—-.—

123 3915 189 3961 1119
209 3914 342 3963 aelenum.
363 3911 376 3982 11
398 3918 462 3964 1121
480 3916 520 3965 Ve
540 3915 552 3982 11
576 3918 642 3965 1122
661 3916 776 3980 graditus
795 3917 930 3966 conturbus
951 3911 964 3981 11
987 3917 1054 3964 1124
1072 3915 1209 3977 reddetque
1230 3912 1243 3983 11

124 4003 190 4049 1125
210 4001 381 4064 estilitssque.
403 4000 415 4070 11
443 4006 508 4053 1132
529 4005 672 4053 calentibus
693 4003 705 4071 11
735 4007 801 4053 1135
821 4005 887 4053 uitro
909 4004 921 4070 il
943 4011 1119 4067 corumptum.
1141 4000 1154 4071 11
1176 4005 1243 4052 1138

120 4088 283 4137 mortiferae.
305 4086 318 4154 11
341 4092 406 4140 1139
427 4091 540 4155 cecropit
560 4088 572 4159 11
596 4095 660 4142 1141
681 4093 766 4145 venies
786 4092 799 4160 11
820 4101 906 4143 omns.
928 4093 940 4160 1
963 4093 1029 4141 1143
1049 4105 1166 4143 ornnem.
