2744 4658
165 248 208 315 52
710 244 744 312 Π

162 415 329 499 sanguinis
351 416 504 500 expirans
527 413 667 480 calidum
689 415 730 482 de
753 423 882 500 pectore
904 415 1042 482 flumen:

86 549 136 597 355
162 533 196 593 at
217 537 321 595 mater
342 530 454 596 viridis
474 531 578 598 saltus
601 530 717 596 orbata
739 550 918 614 peragrans

161 644 265 709 noscit
287 645 372 709 humi
395 634 532 729 pedibus
554 645 689 726 vestigia
711 665 825 729 pressa
848 646 1000 723 bisulcis,

165 759 273 824 omnia
295 760 464 825 convisens
488 760 589 826 oculis
612 761 703 838 loca,
719 761 745 826 si
769 768 867 841 queat
889 780 1025 843 usquam

164 874 350 958 conspicere
373 874 524 940 amissum
546 874 668 959 fetum,
685 875 885 958 completque
909 875 1059 957 querellis

161 988 370 1054 frondiferum
393 1009 506 1055 nemus
529 989 715 1068 3313313313,
731 994 762 1054 33
784 990 896 1055 crebra
918 989 1028 1054 revisit

87 1123 137 1170 333
162 1103 203 1167 ad
227 1103 406 1179 stabulum,
424 1103 583 1169 desiderio
605 1104 727 1189 perfixa
749 1102 896 1189 iuvenci,

161 1237 220 1282 nec
242 1223 371 1282 tenerae
394 1218 510 1285 salices
533 1227 627 1302 atque
650 1219 770 1285 herbae
791 1239 863 1285 rore
885 1221 1032 1301 vigentes

159 1332 354 1414 fluminaque
376 1333 432 1398 illa
454 1341 573 1416 queunt
588 1335 726 1401 ¹summis
748 1335 890 1400 labentia
913 1335 990 1420 ripis
1083 1370 1089 1380 ·

162 1447 325 1513 oblectare
348 1449 486 1513 animum
510 1451 700 1532 solitamque
723 1458 868 1515 avertere
891 1469 1021 1526 curam,
1050 1511 1055 1521 ,

161 1582 222 1627 333
244 1563 414 1628 vitulorum
437 1564 518 1628 aliae
543 1566 667 1649 speeies
689 1585 747 1648 per
767 1565 889 1649 pabula
912 1565 997 1628 laeta

87 1695 137 1744 335
161 1677 309 1743 derivare
333 1686 451 1760 queunt
473 1680 613 1744 animum
636 1699 776 1763 curaque
798 1681 927 1744 levare:

160 1813 260 1876 usque
283 1793 363 1859 adeo
388 1795 538 1876 quiddam
562 1795 725 1879 proprium
748 1799 920 1875 notumque
942 1794 1093 1876 requirit.

161 1917 331 1992 praeterea
353 1913 454 1976 teneri
477 1910 619 1975 tremulis
642 1931 712 1976 cum
731 1909 864 1975 vocibus
886 1908 980 1974 haedi

160 2025 346 2107 cornigeras
368 2033 486 2090 norunt
507 2032 644 2107 matres,
661 2026 800 2109 agnique
822 2024 941 2108 petulci

159 2139 325 2204 balantum
346 2141 507 2225 pecudes:
524 2141 589 2224 ita,
607 2139 693 2223 quod
715 2144 832 2204 natura
853 2138 1015 2223 reposcit,

85 2273 136 2320 aro
161 2255 201 2319 ad
226 2276 285 2320 sua
308 2257 444 2338 quisque
467 2256 535 2319 fere
558 2254 729 2319 decurrunt
749 2254 848 2318 ubera
868 2254 979 2318 lactis.
1043 2329 1046 2335 ⁴

160 2377 321 2454 postremo
345 2371 481 2452 quodvis
504 2370 694 2434 frumentum
717 2389 781 2433 non
803 2376 920 2434 tamen
936 2389 1031 2434 omne

161 2485 277 2567 quique
301 2505 358 2549 suo
381 2505 498 2569 genere
520 2485 602 2550 inter
623 2504 658 2550 se
683 2485 785 2549 simile
808 2504 880 2551 esse
901 2484 1049 2568 videbis,

161 2600 236 2681 quin
259 2599 447 2664 intercurrat
469 2600 630 2681 quaedam
653 2600 806 2666 distantia
828 2600 958 2665 formis.

161 2715 418 2798 concharumque
442 2735 544 2796 genus
567 2717 661 2800 parili
684 2719 806 2781 ratione
828 2715 973 2780 videmus

85 2850 135 2897 335
160 2831 295 2914 pingere
317 2830 440 2894 telluris
462 2830 637 2912 gremium,
656 2851 720 2911 qua
742 2830 892 2895 mollibus
915 2828 1009 2892 nudis

158 2946 258 3010 litoris
280 2944 402 3009 incurvi
426 2945 569 3008 bibulam
592 2945 681 3028 pavit
703 2965 825 3026 aequor·
847 2944 1021 3008 harenam.

160 3080 259 3142 quare
282 3059 379 3125 etiam
403 3065 500 3141 atque
523 3061 618 3125 etiam
641 3061 735 3126 simili
759 3061 883 3125 ratione
905 3064 1088 3141 necessest,

158 3183 274 3239 natura
298 3176 450 3256 quoniam
473 3183 619 3240 constant
641 3195 745 3256 neque
767 3174 854 3238 facta
876 3194 975 3237 manu
999 3179 1071 3237 sunt

160 3291 253 3354 unius
276 3290 319 3354 ad
342 3296 460 3356 certam
483 3289 619 3354 formam
640 3290 816 3374 primordia
838 3311 963 3372 rerum,

83 3423 134 3472 333
160 3405 308 3470 dissimili
329 3407 412 3470 inter
434 3427 468 3472 se
492 3406 651 3487 quaedam
675 3405 808 3470 volitare
831 3405 955 3488 figura.

201 3520 357 3586 Perfacile
380 3529 428 3587 est
449 3521 506 3585 tali
530 3521 652 3585 ratione
676 3522 840 3586 exsolvere
863 3519 956 3583 nobis

158 3655 257 3718 quare
280 3636 450 3701 fulmineus
472 3637 572 3700 multe
595 3636 792 3720 penetralior
813 3636 897 3717 ignis

159 3771 255 3832 quam
277 3758 385 3817 noster
407 3751 475 3816 fuat
497 3772 515 3816 e
537 3751 638 3817 taedis
661 3750 862 3816 terrestribus
884 3755 990 3814 ortus:

160 4057 211 4105 354
231 4055 352 4104 callidum
371 4050 384 4123 Η
405 4055 455 4103 356
474 4053 589 4118 Nonquit
609 4053 621 4123 ll
643 4057 692 4106 359
712 4054 833 4104 adaittens
856 4062 880 4103 et
902 4051 988 4103 revisit
1012 4049 1115 4101 erebra.
1137 4047 1150 4119 Η
1172 4052 1223 4100 363
1242 4068 1287 4102 33-

159 4142 288 4205 bitamque
309 4139 321 4214 ll
342 4144 391 4191 371
411 4142 527 4208 quodriis
547 4141 560 4214 ll
581 4145 631 4192 372
656 4145 772 4209 Quidque
792 4140 805 4212 l)
826 4144 874 4191 381
896 4141 974 4190 animi
995 4137 1008 4211 Η
1029 4143 1079 4190 382
1098 4140 1175 4206 igue.
1196 4141 1209 4212 Η
1232 4143 1286 4192 383

160 4229 223 4285 fluat
