2744 4658
713 226 729 290 I

159 411 224 468 tuto
248 422 300 468 res
323 411 448 466 teneras
471 403 562 467 effert
584 402 616 464 in
639 400 767 464 luminis
790 401 888 464 oras?

89 540 137 586 rac
160 516 245 600 quod
268 516 295 580 si
319 515 360 579 de
383 516 447 579 nilo
470 517 601 591 fierent,
625 517 728 580 subito
752 521 958 580 exorerentur

162 632 281 697 incerto
305 631 410 714 spatio
434 637 529 712 atque
552 631 666 696 alienis
687 630 832 713 partibus
855 630 953 707 auni;

162 747 279 831 quippe
300 745 353 810 ubi
378 744 465 809 nulla
487 745 593 810 forent
614 744 807 830 primordia,
832 764 913 825 quae
937 744 1067 825 genitali

161 861 296 927 concilio
319 868 452 945 possent
473 861 574 925 arceri
598 866 741 944 tempore
763 860 891 942 iniquo.

159 998 218 1041 nec
239 997 335 1060 porro
357 976 512 1058 augendis
535 976 629 1041 rebus
653 976 758 1060 spatio
780 975 862 1039 soret
884 970 979 1057 u'sus,

90 1113 138 1158 rso
160 1091 291 1157 seminis
314 1090 356 1154 ad
381 1092 517 1174 coitum,
542 1091 567 1154 si
591 1110 610 1155 e
633 1091 698 1154 nilo
722 1109 864 1155 crescere
886 1094 1036 1172 possent:

161 1226 236 1270 narn
258 1205 372 1270 fierent
392 1204 525 1270 iuvenes
548 1206 651 1270 subito
675 1225 715 1270 ex
738 1204 904 1267 infantibu'
926 1203 1053 1287 parvis,

162 1340 180 1385 e
203 1327 352 1400 terraque
376 1326 486 1383 exorta
507 1327 640 1403 repente
662 1319 791 1383 arbusta
815 1317 966 1382 salirent.

165 1455 297 1516 quorum
319 1434 363 1497 nil
385 1433 454 1500 ficri
474 1433 676 1498 manifestum
701 1439 767 1515 est,
792 1432 899 1497 onmia
921 1432 1049 1513 quando

162 1549 315 1635 paulatim
338 1553 504 1624 crescunt,
528 1554 562 1612 ut
583 1569 642 1632 par
665 1554 713 1613 est
735 1532 857 1612 semine
880 1552 966 1611 certo

91 1688 139 1733 ron
162 1683 325 1747 crescere,
347 1682 464 1747 resque
487 1683 589 1744 genus
612 1670 759 1741 servant3
782 1669 816 1725 ut
838 1680 973 1725 noscere
995 1662 1100 1745 possis

162 1781 296 1870 quicque
320 1798 378 1842 sua
401 1777 441 1841 de
463 1778 596 1840 materia
618 1778 833 1860 grandescere
857 1775 983 1856 alique.

163 1894 225 1957 buc
248 1892 372 1957 accedit
393 1892 438 1954 uti
462 1891 530 1955 sine
553 1891 647 1955 certis
669 1890 823 1954 imbribus
846 1890 923 1954 anui

163 2007 317 2089 laetificos
341 2011 481 2087 nequeat
502 2005 584 2070 fetus
606 2005 791 2070 submittere
814 2006 928 2087 telius,

162 2143 223 2188 nee
244 2143 339 2206 porro
363 2127 484 2185 secreta
507 2120 578 2185 cibo
601 2126 716 2184 natura
741 2121 937 2184 animantum

92 2260 140 2304 ros
163 2255 346 2322 propagare
368 2255 469 2321 genus
491 2235 592 2319 possit
615 2236 776 2317 vitamque
798 2235 898 2314 tueri;

166 2359 198 2415 ut
220 2353 325 2434 potius
347 2351 453 2414 multis
475 2351 657 2415 counuunia
680 2371 817 2434 corpora
840 2351 934 2415 rebus

113 2458 118 2515 Ι
166 2466 266 2530 multa
287 2471 379 2548 putes
401 2483 492 2539 esse,
515 2471 548 2526 ut
569 2466 676 2530 verbis
700 2466 858 2559 elem-enta
879 2465 1044 2548 videmus,

164 2602 260 2663 qnam
284 2579 352 2644 sine
375 2578 539 2663 principiis
561 2579 657 2643 ullam
680 2600 746 2643 rem
769 2581 904 2645 existere
926 2599 1044 2664 posse.

165 2696 304 2777 denique
328 2712 382 2759 cur
403 2693 550 2759 homines
573 2699 681 2758 tantos
703 2699 819 2759 natura
841 2714 958 2779 parare

91 2833 142 2879 aco
166 2832 228 2875 non
251 2810 372 2895 potuit,
396 2809 532 2894 pedibus
555 2809 607 2891 qui
630 2816 762 2894 pontum
786 2809 948 2895 pervade
969 2816 1101 2894 possent

164 2927 301 2992 transire
324 2935 355 2991 et
376 2946 512 3006 magnos
534 2926 682 2991 manibus
704 2925 858 2992 divellere
880 2926 996 2990 mont-is

165 3042 328 3123 multaque
351 3042 488 3107 vivendo
512 3043 623 3107 vitalia
645 3043 771 3106 vincere
795 3040 925 3115 saecla,

168 3155 194 3220 si
217 3176 299 3233 non,
324 3158 475 3223 materies
498 3159 573 3240 quia
595 3157 691 3223 rebus
714 3156 841 3222 reddita
866 3159 983 3220 certast

165 3271 356 3355 gignundis,
381 3291 399 3336 e
422 3293 486 3354 qua
508 3280 635 3339 constat
658 3272 733 3355 quid
757 3268 860 3356 possit
881 3268 982 3334 oriri?

92 3408 143 3453 roa
166 3386 208 3450 nil
231 3386 327 3467 igitur
348 3388 415 3451 fieri
439 3389 480 3452 de
503 3389 567 3452 nilo
590 3409 686 3473 posse
709 3386 924 3467 fatendumst,

164 3501 284 3567 semine
308 3501 438 3583 quaudo
463 3523 543 3587 opus
566 3508 614 3568 est
635 3503 749 3585 rebus,
774 3521 836 3582 quo
861 3515 1007 3580 quaeque
1030 3503 1159 3559 creatae

166 3617 249 3681 aeris
271 3616 304 3681 in
326 3623 453 3682 teneras
476 3619 601 3702 possint
622 3617 797 3702 proferrier
819 3634 934 3679 auras.

165 3738 326 3815 postremo
350 3732 502 3812 quoniam
525 3734 649 3798 incultis
671 3737 836 3817 praestare
858 3727 1002 3792 videmus

165 3846 250 3910 culta
272 3845 345 3910 loca
368 3854 400 3911 et
421 3848 569 3914 manibus
590 3847 730 3913 melioris
752 3843 887 3910 reddere
910 3842 1013 3925 fetus,

91 3983 143 4030 aro
168 3979 240 4025 esse
262 3960 414 4026 videlicet
435 3961 468 4024 in
490 3962 583 4027 terris
604 3961 781 4046 primordia
806 3979 931 4042 rerum,

172 4208 221 4255 190
240 4204 435 4265 Crescentesque
455 4201 469 4270 Η
490 4206 538 4253 207
559 4213 661 4269 possent
