2744 4658
640 243 709 313 xll

130 433 170 479 ue
192 434 244 479 res
266 415 308 478 ad
329 415 427 479 nilum
450 415 635 500 redigantur
656 413 799 477 funditus
823 431 955 478 omnes:

130 550 205 593 nam
228 529 315 609 quod
338 550 471 612 cumque
494 531 558 596 suis
581 534 733 595 mutatum
755 527 872 592 tinibus
894 528 977 611 exit,

131 643 279 709 continuo
301 645 364 711 hoc
385 665 470 711 mors
493 651 542 711 est
563 644 648 710 illius
671 643 756 726 quod
779 642 839 707 fuit
860 648 954 706 aute.

55 784 104 830 755
130 761 265 847 proinde
289 761 394 826 colore
418 780 495 826 cave
517 760 684 844 contingas
707 759 977 842 seminarem,

131 897 171 942 nc
193 877 249 942 tibi
273 896 324 942 res
346 875 480 941 redeant
502 872 544 938 ad
566 874 665 937 nilum
687 872 829 937 funditus
852 891 982 938 omnes.

168 995 339 1057 Praeterea
361 990 388 1055 si
411 990 499 1054 nulla
521 988 640 1054 coloris
661 987 825 1073 principiis
848 994 898 1052 est

129 1105 253 1171 reddita
275 1113 388 1170 natura
412 1103 563 1170 alvariis
585 1109 657 1167 suut
676 1102 823 1187 praedita
844 1102 976 1179 formis,

131 1241 149 1286 e
172 1220 286 1304 quibus
310 1238 404 1286 omne
427 1239 528 1303 genus
550 1219 685 1302 gignunt
707 1219 892 1299 variantque
915 1217 1039 1281 colores

58 1357 109 1402 ruo
131 1343 303 1420 propterea
317 1386 325 1413 ‚
341 1337 450 1418 magni
473 1334 559 1417 quod
581 1335 677 1400 refert
699 1334 822 1399 semina
845 1352 990 1414 quaeque

136 1471 206 1516 oum
229 1449 342 1533 quibus
366 1456 397 1514 et
420 1451 507 1532 quali
528 1451 672 1536 positura
696 1449 916 1514 contineantur

135 1571 166 1630 et
188 1585 268 1647 quos
291 1564 374 1628 iuter
396 1585 431 1630 se
454 1565 531 1631 dent
551 1574 656 1631 motus
682 1564 922 1649 accipiantque,

132 1680 285 1764 perfacile
308 1681 467 1765 extemplo
489 1682 646 1746 rationem
670 1680 805 1745 reddere
827 1680 953 1765 possis,

134 1815 190 1860 our
211 1815 250 1860 ea
272 1815 355 1876 quae
377 1796 469 1880 nigro
492 1794 612 1861 fuerint
633 1797 730 1879 paulo
754 1801 830 1860 ante
853 1794 982 1877 colore,

59 1929 109 1975 ros
135 1929 308 1975 marmoreo
331 1909 399 1974 fien'
419 1910 545 1993 possint
567 1909 705 1975 candore
727 1915 881 1992 repente3

133 2030 167 2088 ut
189 2043 296 2101 mare,
320 2045 389 2088 oum
411 2025 520 2107 magui
544 2031 741 2091 commorunt
763 2043 905 2106 aequora
926 2022 1033 2099 venti,

131 2137 262 2203 vertitur
283 2139 314 2202 in
338 2158 435 2204 canos
458 2140 607 2205 candenti
630 2159 790 2204 marmore
813 2139 945 2204 ducum:

132 2252 238 2317 dicere
260 2253 345 2318 enim
365 2254 492 2337 possis,
510 2254 635 2337 nigrum
659 2255 744 2337 quod
768 2274 864 2339 saepe
885 2253 1053 2328 videmus,

133 2367 283 2432 nrateries
305 2368 360 2431 ubi
382 2369 539 2450 permixta
561 2374 610 2433 est
631 2369 716 2434 illius
739 2376 770 2436 et
793 2370 872 2434 ordo

56 2504 108 2550 rro
133 2481 297 2565 principiis
319 2488 458 2547 mutatus
481 2488 513 2547 et
535 2482 645 2547 addita
667 2481 1061 2583 demptaquequacdam

134 2595 283 2661 continuo
306 2597 338 2659 id
361 2596 427 2661 fieri
449 2602 484 2660 ut
500 2595 646 2661 candens
667 2597 814 2662 videatur
836 2602 868 2662 ct
891 2596 1019 2660 album.

135 2707 270 2789 quodsi
292 2710 447 2776 caeruleis
469 2716 650 2776 constarent
672 2730 815 2793 aequora
836 2710 924 2794 ponti

135 2821 328 2908 seminibus,
344 2826 432 2891 nullo
455 2832 587 2910 possent
609 2827 773 2892 albescere
795 2831 911 2909 pacto:
948 2908 955 2921 .

136 2955 210 3000 nam
233 2958 295 3019 quo
318 2958 451 3021 cumque
473 2940 568 3005 modo
591 2941 758 3025 perturbes
782 2941 912 3006 caerula
935 2958 1017 3023 quac
1040 2939 1123 3013 sint,

56 3070 110 3116 775
137 3070 309 3133 numquam
331 3053 363 3115 in
385 3072 597 3117 nrannoreum
620 3062 754 3137 possunt
776 3057 914 3137 migrare
936 3056 1097 3120 colorem.

137 3163 186 3228 siu
209 3165 274 3231 alio
297 3172 393 3246 atquc
415 3165 478 3230 alio
502 3172 575 3230 sunt
600 3167 723 3231 semina
745 3168 841 3233 tincta
864 3169 991 3240 colore,

138 3298 222 3360 quac
244 3279 343 3343 maris
365 3277 506 3343 efficiunt
526 3300 622 3343 uuum
644 3300 819 3363 purumque
843 3281 997 3364 nitorem,

138 3399 173 3457 ut
194 3414 291 3478 sacpe
314 3415 353 3458 ex
375 3393 447 3458 aliis
469 3392 582 3457 formis
603 3394 763 3475 variisque
785 3395 893 3478 figuris

140 3505 276 3573 eflicitur
296 3509 447 3589 quiddam
471 3505 660 3591 quadratum
684 3528 811 3589 unaque
832 3509 956 3591 ligura,

59 3641 114 3687 rso
140 3622 413 3706 conveniebat,ut
435 3623 468 3687 in
492 3620 646 3704 quadrato
670 3624 828 3688 cernimus
851 3643 923 3688 esse

139 3733 310 3801 dissimiles
331 3737 471 3816 formas,
489 3739 534 3801 ita
558 3756 688 3803 cernere
710 3737 742 3801 in
766 3756 905 3819 aequore
927 3737 1017 3820 ponti

140 3856 195 3914 aut
216 3850 281 3915 alio
304 3851 337 3916 in
362 3853 475 3935 quovis
497 3874 561 3917 uno
584 3872 727 3937 puroque
749 3851 852 3917 nitore

146 4117 195 4165 759
219 4116 370 4179 omnigenus
395 4114 409 4184 ΙΙ
435 4122 484 4168 760
509 4119 644 4171 Praeterea
668 4116 682 4188 ΙΙ
707 4123 756 4171 763
781 4119 897 4184 exemplo
927 4118 941 4188 {l
971 4123 1019 4170 765
1043 4127 1149 4182 possunt
1175 4115 1189 4184 ΙΙ
1215 4118 1264 4165 779

145 4202 255 4269 ligurus.
277 4201 291 4271 Η
312 4205 362 4251 780
381 4204 418 4251 uti
437 4200 451 4271 11
473 4208 519 4253 781
541 4224 652 4271 uequora

1040 4311 1061 4373 5
