2744 4658
160 219 220 283 rao
608 176 611 181 ’
688 211 753 275 1111

159 389 207 449 est
229 382 358 466 aliquae
380 388 414 446 ut
436 401 591 466 serpens,
607 380 743 446 hominis
767 400 851 463 quae
872 385 959 447 tacta
982 380 1093 446 salivis

157 498 292 582 disperit
314 518 352 562 ac
375 516 446 561 sese
469 496 654 561 mandendo
678 496 803 561 conticit
826 497 919 581 ipsa.

83 638 133 683 646
158 619 325 700 praeterea
349 611 442 676 nobis
465 618 622 676 veratrum
646 617 693 676 est
716 632 789 676 acre
812 633 990 690 venenum,

159 735 192 792 at
214 729 319 811 capris
341 728 455 811 adipes
479 733 509 791 66
531 727 744 792 coturnicibus
768 733 884 811 auget.

158 850 192 906 nt
215 843 329 925 quibus
351 843 383 906 id
405 843 461 907 fiat
483 843 578 906 rebus
601 862 796 924 cognoscere
819 843 943 927 possis,

160 959 316 1043 principio
340 958 522 1023 meminisse
546 957 638 1022 decet
661 978 743 1039 quae
767 957 905 1024 diximus
928 965 1023 1044 ante,

147 1074 281 1137 semina
303 1073 498 1143 multimodis
519 1073 553 1136 in
576 1073 672 1137 rebus
694 1074 793 1137 mixta
815 1074 935 1138 teneri.

84 1210 134 1257 666
160 1211 255 1273 porro
279 1208 389 1253 omnes
412 1208 495 1271 quae
518 1207 652 1269 cumque
676 1188 778 1252 eibum
803 1189 932 1273 capiunt
954 1188 1156 1266 animantes,

159 1311 193 1368 nt
214 1309 289 1369 sunt
311 1303 483 1368 dissimiles
507 1303 703 1368 extrinsecus
726 1308 757 1366 66
779 1303 958 1388 generatim
1005 1268 1049 1353 fl

162 1419 280 1484 extima
304 1419 516 1484 membrorum
540 1418 656 1483 circum
680 1439 813 1484 caesura
835 1425 977 1495 coercet,

162 1534 296 1621 proinde
321 1554 360 1597 ex
383 1534 558 1599 seminibus
581 1539 727 1599 constant
749 1535 895 1599 variante
916 1534 1039 1616 figura.

161 1650 284 1716 semina
307 1670 378 1714 cum
401 1670 497 1734 porro
521 1648 658 1726 distent,
675 1648 802 1713 differre
824 1657 988 1714 necessest

88 1786 138 1832 666
163 1765 334 1829 intervalla
356 1763 511 1847 viasque,
527 1764 683 1828 foramina
706 1784 791 1845 qnae
814 1763 1039 1847 perhibemus,

162 1880 310 1945 omnibns
332 1880 364 1944 in
388 1880 538 1945 membris
561 1879 647 1944 etin
670 1899 725 1944 ore
748 1880 882 1964 ipsoque
905 1880 1034 1964 palato:

163 2016 234 2061 esse
256 1996 382 2060 minora
404 1995 501 2079 igitur
525 1994 681 2077 quaedam
704 1994 889 2077 maioraque
912 1995 1049 2080 debent,

163 2131 233 2175 esse
256 2110 411 2192 triquetra
435 2110 528 2186 aliis,
546 2109 619 2173 aliis
642 2109 800 2190 quadrata
822 2115 1004 2192 necessest,

161 2225 261 2289 multa
284 2224 439 2308 rutunda,
457 2223 561 2288 modis
584 2224 689 2288 multis
713 2223 912 2308 multangula
935 2227 1117 2308 quaedam.

89 2363 138 2410 666
162 2361 300 2422 namque
325 2340 497 2420 figurarum
519 2339 601 2404 ratio
625 2347 659 2403 ut
681 2346 848 2423 motusque
870 2349 1060 2427 reposcunt,

161 2456 295 2541 proinde
317 2453 525 2520 foraminibus
548 2430 666 2519 debent
690 2455 817 2520 differre
839 2456 983 2540 figurae,

165 2577 196 2637 et
217 2571 343 2636 variare
365 2571 436 2634 viae
458 2568 592 2653 proinde
616 2591 655 2636 ac
676 2576 803 2635 textura
825 2578 969 2637 co’e'rcet.

164 2686 226 2751 hoc
248 2686 300 2751 ubi
326 2686 410 2768 quod
435 2707 532 2750 suave
556 2692 604 2751 est
626 2686 696 2750 aliis
720 2686 791 2750 aliis
813 2687 848 2750 fit
869 2708 1032 2771 amarum,

163 2802 229 2879 illi,
245 2803 294 2867 cui
318 2822 417 2867 suave
440 2807 507 2885 cst,
523 2801 686 2867 levissima
709 2821 845 2885 corpora
869 2801 987 2867 debent

92 2938 142 2985 666
168 2917 437 2982 contractabiliter
459 2917 567 2980 caulas
589 2915 709 2980 intrare
731 2915 850 2999 palati,

166 3037 198 3095 at
221 3037 330 3096 contra
354 3031 469 3112 quibus
493 3036 541 3094 est
563 3031 676 3095 eadem
701 3050 754 3095 res
775 3031 860 3096 intus
883 3033 1019 3111 acerba,

166 3164 304 3230 aspera,
321 3146 353 3208 ui
375 3145 509 3229 mirum,
526 3150 695 3228 penetrant
717 3145 913 3228 hamataque
936 3147 1070 3214 fauces.

91 3284 139 3329 err
167 3266 300 3341 utraque
324 3259 407 3324 enim
430 3260 556 3324 suntin
580 3260 684 3324 mellis
706 3259 878 3324 commixta
901 3282 1037 3346 sapore3

165 3375 198 3439 id
222 3373 390 3458 quodiam
414 3395 532 3459 supera
553 3376 608 3438 tibi
618 3363 730 3458 'saepe
753 3376 951 3442 ostendimus
975 3383 1069 3442 aute.

92 3512 141 3559 666
166 3510 250 3554 nunc
272 3488 366 3554 facile
390 3497 438 3555 est
460 3510 500 3555 ex
522 3490 572 3554 his
593 3491 690 3555 rebus
708 3506 908 3572 'cognoscere
932 3513 1101 3575 quaeque:

170 3604 309 3689 qnippe,
326 3605 381 3669 ubi
403 3605 453 3669 cni
475 3604 573 3670 febris
596 3605 652 3669 bili
675 3611 847 3691 superante
870 3613 980 3672 coorta
1003 3616 1051 3672 est

95 3744 144 3791 666
170 3725 225 3786 aut
249 3720 313 3784 alia
336 3721 460 3785 ratione
484 3707 624 3803 aliquast
646 3720 696 3785 vis
720 3722 825 3786 exeita
846 3723 970 3800 morbi,

169 3836 374 3920 perturbatur
397 3835 440 3899 ibi
463 3836 527 3900 iam
550 3840 650 3900 totum
674 3856 807 3920 corpus,
825 3844 856 3902 et
880 3857 991 3909 omnes

173 4107 223 4153 638
242 4106 327 4167 itaque
352 4100 365 4170 Η
391 4105 439 4150 641
460 4104 647 4153 cocturnicibus
673 4100 686 4170 Η
712 4105 810 4152 6421d
832 4100 845 4172 ll
866 4113 893 4154 ut
919 4103 931 4173 Η
960 4110 1010 4156 648
1030 4115 1054 4155 66
1075 4101 1088 4173 Η
1108 4106 1256 4168 variantque
1276 4102 1288 4173 Η

173 4195 222 4241 659
243 4207 349 4257 corpore
369 4187 382 4257 Η
404 4193 454 4239 660
474 4191 566 4239 caudas
587 4187 599 4258 Η
621 4194 670 4239 662
691 4191 817 4240 nimorunr
