2744 4658
169 248 228 311 156
696 240 754 304 IllI

165 415 197 476 id
222 434 346 496 quoque
369 413 534 497 permagni
558 412 674 477 refert:
691 434 765 476 nam
789 432 875 477 more
898 411 1037 476 ferarum

84 547 150 594 raes
168 526 473 610 quadrupedumque
497 529 599 608 magis
622 527 683 591 ritu
707 528 895 612 plerumque
918 535 1070 611 putantur

166 643 333 727 concipere
357 662 491 721 uxores
511 641 587 722 quia
610 642 655 706 sic
677 643 748 707 loca
771 662 896 707 sumere
919 650 1072 727 possunt,

167 756 349 841 pectoribus
372 756 507 839 positis,
526 756 660 820 sublatis
683 757 807 821 semina
831 758 969 822 lumbis.

168 891 226 935 nec
248 870 363 934 molles
386 872 456 954 opu’
480 878 553 935 sunt
576 878 680 936 motus
703 873 855 938 uxoribus
879 873 998 937 hilum.

167 1007 241 1050 nam
264 984 378 1049 mulier
400 983 549 1069 prohibet
572 1005 607 1050 se
631 988 799 1071 concipere
822 992 917 1068 atquc
939 994 1115 1071 repugnat,

87 1123 152 1168 raro
170 1100 316 1165 clunibus
337 1100 408 1182 ipsa
431 1100 488 1163 viri
510 1099 667 1164 Venerem
690 1101 716 1164 si
741 1102 827 1166 laeta
849 1109 1002 1167 retractat

167 1216 261 1296 atquc
284 1220 433 1278 exossato
459 1214 520 1279 ciet
543 1216 628 1279 omni
650 1222 779 1299 pectore
801 1217 935 1282 lluctus:

167 1331 240 1396 eicit
262 1329 345 1395 enirn
369 1334 490 1397 sulcum
513 1335 602 1398 recta
623 1332 755 1411 regione
777 1333 893 1414 viaque

165 1448 323 1533 vomeris,
341 1454 436 1530 atque
457 1449 537 1513 locis
559 1449 672 1511 avertit
695 1447 827 1511 seminis
849 1447 964 1510 ictum.

168 1560 263 1641 idque
284 1577 347 1625 ¹sua
369 1582 468 1627 causa
491 1565 683 1626 consuerunt
705 1567 809 1624 scorta
833 1563 971 1645 moveri,

84 1696 150 1742 rara
167 1695 207 1740 ne
222 1677 463 1760 'complerentur
486 1674 596 1738 erebro
620 1675 840 1757 gravidaeque
862 1676 1023 1755 iacerent,

167 1797 198 1853 et
220 1791 314 1855 simul
336 1791 406 1874 ipsa
428 1790 504 1855 viris
528 1789 633 1854 Venus
657 1795 690 1852 ut
713 1789 898 1855 concinnior
921 1797 1025 1873 esset3

167 1906 355 1988 coniugibus
378 1905 463 1987 quod
487 1906 531 1969 nil
554 1904 671 1969 nostris
694 1927 775 1989 opus
798 1925 870 1970 esse
892 1905 1037 1970 videtur.

206 2022 273 2086 Nee
295 2021 445 2085 divinitus
468 2022 549 2085 inter
572 2019 647 2083 dum
667 2020 864 2101 Venerisque
889 2021 1013 2102 sagittis

168 2136 325 2200 deteriore
348 2136 382 2200 fit
404 2142 437 2199 ut
459 2135 563 2199 forma
586 2134 772 2198 muliercula
796 2140 937 2198 ametur:

84 2271 149 2318 raso
167 2270 241 2313 nam
265 2250 340 2314 facit
360 2251 434 2334 ipsa
456 2250 522 2313 suis
544 2249 626 2312 inter·
649 2249 724 2311 dum
748 2247 866 2314 femina
888 2248 982 2316 lactis

166 2364 395 2447 morigerisque
418 2363 521 2428 modis
545 2368 576 2426 et
597 2362 716 2428 munde
740 2383 874 2447 corpore
897 2366 1000 2444 culto,

167 2485 200 2542 ut
223 2478 316 2543 facilc
339 2479 501 2543 insuescat
523 2498 629 2542 secum
652 2499 711 2544 nos
734 2478 852 2560 degere
874 2480 992 2545 vitam.

168 2594 255 2675 quod
278 2613 375 2677 super
397 2599 465 2678 est,
483 2594 678 2659 consuetudo
702 2595 871 2659 concinnat
893 2615 1054 2660 amorem:

167 2729 240 2772 nam
262 2709 375 2774 leviter
398 2709 542 2792 quamvis
565 2709 650 2791 quod
673 2711 783 2775 crebro
806 2709 947 2774 tunditur
968 2711 1052 2795 ictu,

82 2846 148 2908 1285
165 2824 299 2889 vincitur
322 2824 355 2888 in
378 2826 473 2909 longo
498 2825 601 2910 spatio
625 2831 733 2888 tamen
757 2831 853 2906 atquc
876 2825 1035 2891 labascit.

166 2959 272 3005 nonne
293 2940 384 3005 rides
407 2941 502 3004 ctiam
525 2945 631 3021 guttas
657 2939 690 3002 in
712 2959 792 3003 saxa
816 2939 961 3006 cadentis

166 3055 285 3142 umoris
307 3055 404 3137 longo
428 3055 462 3117 in
485 3054 587 3138 spatio
610 3055 801 3137 pertundere
824 3055 931 3119 saxa?

171 3335 236 3380 1267
256 3332 376 3380 lumbris.
398 3329 411 3399 ll
437 3336 502 3381 1268
523 3333 561 3381 Nc
580 3329 594 3399 ll
617 3335 683 3381 1275
703 3284 874 3396 giaridaque.
895 3332 908 3402 Η
930 3338 994 3383 1281
1016 3336 1093 3385 moris
1119 3331 1132 3402 ll
1158 3337 1225 3384 1282
1245 3351 1293 3384 nos

169 3436 309 3469 emmaum.
