2744 4658
697 247 740 311 VI

155 447 229 490 nam
254 424 307 506 qui
330 442 466 504 eumque
489 442 564 485 suos
586 419 766 501 fugitabant
788 418 891 482 visere
914 418 956 481 ad
978 438 1112 501 aegros,

154 541 230 605 vitai
253 539 382 603 nimium
408 537 541 623 cupidos
565 536 739 616 mortisque
761 533 902 597 timentis

73 678 140 724 2242
158 655 310 740 poenibat
331 654 427 736 paulo
451 659 523 735 post
545 652 628 735 turpi
651 655 753 714 morte
775 649 947 730 malaque,

158 770 322 851 desertos,
340 768 409 851 opis
434 767 595 851 expertis,
612 764 735 857 incuria
757 769 923 829 mactans.

157 884 211 966 qui
235 882 362 948 fuerant
385 889 489 946 autem
511 888 662 964 praesto,
679 880 869 964 contagibus
891 879 981 942 ibant

157 1008 254 1081 atque
276 998 406 1072 labore,
422 996 527 1081 pudor
549 1015 642 1078 quem
667 1004 731 1059 tum
753 994 889 1075 cogebat
912 994 1001 1057 obire

158 1114 340 1193 blandaque
361 1112 520 1176 lassorum
543 1132 607 1175 vox
629 1111 728 1175 mixta
750 1129 830 1174 voce
854 1109 1038 1189 querellae.

74 1251 140 1295 2242
159 1231 296 1312 optimus
320 1228 379 1292 boo
402 1227 456 1290 leti
478 1246 581 1309 genus
604 1248 679 1310 ergo
703 1225 837 1307 quisque
860 1224 1010 1288 subibat.

76 1364 141 1409 2222
157 1343 340 1407 incomitata
362 1343 434 1426 rapi
458 1345 632 1407 cernebant
654 1341 768 1405 funera
792 1348 902 1423 vasta,

76 1479 141 1524 2242
158 1459 255 1539 inque
278 1457 351 1522 aliis
374 1458 473 1521 alium
495 1459 650 1542 populum
673 1458 809 1540 sepelire
832 1475 962 1520 suorum

158 1578 337 1637 certantes:
353 1573 493 1637 lacrimis
516 1573 592 1636 lassi
615 1573 767 1653 luctuque
789 1570 955 1635 redibant:

158 1689 235 1753 inde
258 1688 372 1752 bonam
396 1694 520 1771 partem
544 1689 577 1751 in
599 1688 714 1752 lectum
737 1706 883 1751 maerore
906 1685 1087 1749 dabantur.

76 1824 142 1869 2222
158 1821 218 1865 nec
240 1808 364 1884 poterat
387 1803 555 1882 qnisquam
580 1801 731 1884 reperiri,
749 1818 844 1880 quem
867 1818 971 1880 neque
996 1801 1125 1864 morbus

159 1935 218 1980 nec
241 1937 325 1980 mors
348 1936 405 1980 nec
427 1916 532 1981 luctus
555 1920 726 1997 temptaret
747 1921 889 1996 tempore
912 1915 1007 1979 talei.

203 2035 374 2096 Praeterea
396 2033 458 2094 iam
482 2035 591 2114 pastor
614 2036 646 2094 et
668 2030 879 2094 armentarius
903 2031 1006 2094 omnis

157 2151 188 2210 et
210 2146 356 2212 robustus
378 2147 452 2210 item
477 2146 563 2209 curri
587 2144 768 2208 moderator
792 2143 890 2208 aratri

158 2261 352 2339 languebat,
368 2261 559 2342 penitusque
583 2281 659 2324 casa
683 2269 833 2324 contrusa
856 2260 1005 2323 iacebant

76 2393 142 2439 2222
160 2392 296 2454 corpora
319 2380 508 2457 paupertate
532 2382 564 2438 et
585 2376 696 2440 morbo
720 2374 829 2438 dedita
851 2375 963 2438 morti.

160 2487 313 2551 exanimis
335 2488 444 2572 pueris
466 2509 561 2572 super
584 2489 765 2553 exanimata
787 2495 955 2573 parentum

158 2622 292 2686 corpora
314 2623 378 2668 non
403 2624 576 2686 numquam
599 2623 713 2688 posses
735 2611 884 2685 retroque
906 2603 1015 2669 videre

157 2716 312 2781 matribus
334 2726 364 2781 et
386 2719 532 2801 patribus
556 2727 648 2783 natos
671 2738 767 2802 super
790 2718 886 2783 edere
909 2719 1025 2782 vitam.

156 2851 215 2895 nec
237 2832 400 2896 minimam
421 2841 544 2918 partem
568 2856 606 2899 ex
629 2835 717 2916 agris
741 2835 893 2898 maeroris
915 2835 948 2896 in
971 2836 1080 2898 urbem

75 2963 142 3009 2222
160 2943 309 3007 confluxit
332 2948 440 3030 labes,
458 2970 552 3028 quom
575 2951 708 3012 contulit
731 2951 942 3031 agricolarum

159 3059 252 3142 copia
274 3062 467 3126 conveniens
491 3082 529 3124 ex
554 3064 637 3126 omni
661 3065 808 3128 morbida
830 3072 942 3147 parte.

158 3174 266 3236 omnia
289 3175 480 3260 conplebant
503 3177 575 3240 loca
597 3184 765 3261 tectaqueq
783 3199 845 3259 quo
869 3180 973 3263 magis
997 3187 1069 3245 astu

157 3287 315 3355 confertos
338 3290 382 3352 ita
405 3291 577 3354 acervatim
601 3313 686 3357 mors
709 3295 950 3359 accumulabat.

157 3407 254 3469 multa
276 3406 327 3470 siti
350 3412 511 3489 protracta
534 3408 617 3469 viam
643 3428 699 3491 por
721 3429 843 3493 proque
865 3409 975 3474 voluta

74 3538 140 3584 2222
159 3538 293 3603 corpora
316 3521 437 3586 silanos
460 3522 501 3585 ad
526 3541 679 3603 aquarum
705 3532 804 3588 strata
826 3525 976 3588 iacebant

157 3635 331 3700 interclusa
353 3638 458 3700 anima
482 3638 580 3700 nimia
603 3639 645 3702 ab
669 3638 838 3704 dulcedine
861 3658 1036 3725 aquarum,

156 3751 320 3832 multaque
342 3772 399 3835 per
421 3752 531 3836 populi
554 3753 675 3837 passim
698 3753 772 3818 loca
794 3761 942 3838 prompta
964 3756 1099 3836 viasque

160 4053 226 4100 1238
246 4059 327 4102 utsere
348 4051 360 4122 Η
388 4058 455 4105 1240
474 4056 602 4105 Poenibus
621 4064 648 4105 at
668 4052 681 4124 Η
708 4060 772 4107 1241
793 4058 883 4107 incure
904 4062 915 4124 Η
942 4061 1007 4108 1225
1028 4059 1159 4109 certabant
1179 4058 1191 4125 Η
1215 4063 1280 4110 1249

157 4139 251 4188 ieonum
270 4135 283 4207 Η
306 4144 372 4190 1250
390 4144 496 4193 morbo.
518 4142 530 4210 Η
558 4147 622 4193 1251
644 4145 711 4193 tale.
733 4142 746 4213 Η
773 4148 838 4194 1266
858 4146 981 4209 languens
1002 4144 1016 4215 Η
1045 4152 1108 4196 1261
1130 4149 1245 4198 morbide
1266 4147 1279 4217 Η

158 4230 225 4277 1262
246 4229 401 4278 condiebant
420 4230 434 4297 Η
454 4240 552 4281 aestus
574 4228 588 4299 Η
610 4235 677 4281 1264
696 4240 822 4296 prostrata
841 4229 855 4301 Η
877 4236 943 4282 1265
963 4235 1096 4285 tacebant.
