2744 4658
591 273 596 284 .
683 224 713 292 Π

60 421 111 468 000
137 420 206 466 cum
229 405 339 466 tamen
361 399 444 465 inter
467 418 501 462 se
523 417 634 463 versus
656 419 695 462 ac
716 399 817 463 verba
840 418 970 463 necesse
992 403 1042 462 est

136 514 307 579 confiteare
330 515 395 577 alia
417 532 457 577 en
480 514 553 578 aliis
576 519 723 578 constare
746 513 932 590 elementis;

136 649 200 692 non
224 649 287 711 quo
311 629 411 692 multa
434 648 544 711 parurn
568 628 744 692 communis
767 619 874 692 littera·
895 633 1002 692 currat
1021 638 1024 643 '

138 750 193 809 aut
214 744 302 808 nulli
315 745 398 808 inter
419 763 454 809 se
478 720 540 808 duo
564 743 627 808 sint
648 762 688 807 ex
710 743 858 808 omnibus
879 743 985 829 idern,

136 859 193 924 sed
216 859 291 941 quia
314 880 377 923 non
399 860 495 940 volgo
518 858 611 943 paria
634 858 780 923 omnibus
802 859 910 924 omnia
931 864 1096 924 constent.

59 995 109 1042 005
136 975 181 1039 sic
204 974 277 1038 aliis
300 975 332 1037 in
356 976 451 1038 rebus
474 973 549 1038 item
572 973 753 1036 communia
775 975 873 1037 multa

136 1090 304 1152 multarum
326 1109 429 1152 rerum
453 1108 525 1152 curn
548 1087 611 1152 sint
633 1087 827 1170 primordia,
843 1108 952 1158 raerum

135 1203 282 1268 dissimili
304 1209 411 1266 tamen
432 1202 513 1267 inter
537 1221 571 1267 se
594 1202 768 1266 consistere
790 1222 914 1265 summa

135 1323 290 1401 possunt3
306 1323 341 1380 ut
361 1317 473 1382 merito
497 1336 537 1382 ex
560 1317 633 1381 aliis
655 1323 802 1380 constare
825 1315 947 1381 feratur

138 1431 309 1495 humanum
332 1451 434 1514 genus
457 1438 488 1495 et
509 1430 618 1514 fruges
642 1432 832 1514 arbustaque
856 1432 961 1496 lacta.
984 1468 1007 1491 a

63 1567 112 1613 700
179 1547 247 1610 Νο0
268 1553 373 1611 tamen
397 1545 586 1611 omnimodis
610 1546 733 1610 conecti
754 1566 850 1630 posse
873 1546 1048 1630 putandum
1072 1554 1121 1613 est

136 1663 262 1726 omnia:
280 1682 352 1724 narn
374 1662 469 1742 volgo
493 1660 559 1724 fieri
583 1666 730 1744 portenta
752 1661 897 1745 videres,

134 1776 298 1841 semiferas
320 1777 481 1840 hominum
504 1777 629 1860 species
652 1776 807 1852 existere,
823 1783 854 1840 et
877 1777 959 1845 altos

137 1889 217 1954 inter
239 1890 313 1954 dum
335 1911 441 1955 ramos
464 1892 571 1977 egigni
597 1911 729 1973 corpore
755 1891 848 1974 vivo,
908 1951 911 1955 .

135 2005 296 2085 multaque
318 2007 441 2070 conecti
463 2005 625 2069 terrestria
647 2006 792 2068 membra
813 2005 966 2088 mariniS,

58 2139 107 2185 705
134 2124 199 2182 turn
222 2118 382 2183 flammam
406 2126 506 2184 taetro
529 2120 678 2204 spirantis
702 2139 757 2182 ore
781 2118 969 2184 Chimaeras

132 2253 265 2317 pascere
289 2241 435 2299 naturam
457 2255 515 2319 per
536 2235 910 2339 terr·as·onrnipar·entis.

133 2368 267 2430 quorum
290 2349 336 2411 nii
358 2348 426 2413 fieri
448 2349 653 2414 manifestum
676 2354 743 2432 est,
761 2348 869 2413 omnia
892 2349 1021 2428 quando

133 2462 307 2527 seminibus
330 2462 424 2526 certis
446 2469 534 2527 corta
557 2465 721 2543 genetrice
745 2470 854 2528 creata

130 2596 320 2642 conservare
343 2597 446 2658 genus
469 2579 645 2641 crescentia
667 2598 764 2663 posse
784 2579 947 2642 videmus.

54 2714 106 2760 rro
132 2693 271 2774 scilicet,
288 2691 320 2756 id
343 2701 429 2756 certa
451 2692 519 2756 fieri
542 2694 667 2758 ratione
677 2698 854 2758 necessust
866 2741 872 2753 .

131 2827 206 2871 narn
229 2828 287 2872 sua
309 2808 420 2888 cuique
444 2808 522 2874 cibis
546 2827 587 2873 ex
610 2793 756 2874 omnib'us
780 2807 864 2871 intus
886 2807 919 2870 in
942 2815 1028 2872 artus

131 2922 453 3005 corpora'disoedunt
476 2944 664 3005 conexaque
687 2923 906 2989 convenientis
987 2947 1005 2980 .·

132 3037 272 3100 efticiunt
293 3041 418 3100 motus:
436 3043 470 3099 at
492 3046 603 3101 contra
626 3038 732 3102 aliena
752 3039 897 3103 videmus

131 3150 251 3215 reicere
274 3151 306 3214 in
328 3157 430 3214 terras
454 3156 622 3226 naturam,
639 3152 799 3231 multaque
822 3152 928 3215 caecis

54 3287 107 3332 775
131 3266 315 3348 corporibus
338 3263 464 3345 fugiunt
484 3282 501 3327 e
526 3285 679 3347 corpore,
695 3264 817 3348 percita
838 3265 966 3348 plagis,

132 3398 216 3461 quae
238 3399 342 3461 neque
366 3377 487 3442 conecti
510 3397 668 3457 quoquam
692 3385 823 3462 potuere
846 3399 951 3459 neque
974 3381 1059 3445 intus

130 3495 237 3560 vitalis
259 3501 363 3559 motus
386 3492 565 3558 consentire
584 3500 681 3573 atque
703 3493 837 3558 imitari.
870 3566 872 3568 v

131 3609 188 3675 sed
212 3629 252 3674 ne
274 3608 356 3674 forte
379 3615 471 3692 putes
495 3608 646 3671 animalia
669 3609 739 3672 sola
761 3610 863 3673 teneri

130 3725 255 3808 legibus
277 3722 346 3806 his,
363 3721 521 3804 quaedam
547 3723 626 3787 ratio
651 3722 849 3789 disterminat
870 3723 997 3788 omnia.

10 3921 22 3952 a
53 3860 105 3907 rao
131 3860 205 3905 narn
227 3840 278 3905 vel
301 3838 348 3904 uti
368 3844 437 3904 tuta
459 3845 574 3904 natura
596 3837 766 3904 dissimiles
787 3843 862 3904 sunt

135 4109 185 4157 693
204 4105 275 4154 nulla
294 4103 307 4172 ΙΙ
328 4108 377 4157 696
395 4106 535 4170 primordia
558 4122 658 4158 rerum.
679 4102 692 4175 ΙΙ
713 4108 762 4157 706
787 4108 872 4160 omnia
893 4110 1023 4175 parentis.
1043 4108 1057 4179 Η
1080 4112 1128 4159 716
1147 4109 1216 4160 inte.
1238 4110 1252 4182 Η

135 4196 184 4255 719
204 4191 303 4243 omnis.
