2678 4658
667 242 694 305 V

125 411 160 474 nil
180 416 290 475 tamen
316 417 368 476 est
389 411 472 496 signi
497 412 614 476 mixtas
636 412 780 495 potuisse
800 412 903 476 creari

123 525 197 590 inter
218 545 254 590 se
277 524 420 609 pecudes
444 531 675 608 compactaque
699 525 840 590 membra
863 526 1078 610 animantum,

74 658 105 706 no
123 646 289 724 propterea
313 639 494 722 quisquae
518 639 557 704 de
580 640 673 704 terris
695 658 779 703 nunc
801 659 929 733 quoqne
952 641 1116 705 abundant

121 753 287 818 herbarum
310 774 432 837 genera
453 775 492 818 ac
514 754 623 837 fruges
645 753 837 835 arbustaque
859 753 944 816 laeta

118 887 178 932 non
201 874 310 932 tamen
332 869 413 934 inter
436 889 471 934 se
492 875 626 953 possunt
648 869 817 952 complexa
839 868 962 947 creari,

118 983 174 1048 scd
197 982 247 1047 vis
270 1002 419 1065 quaeque
443 1004 499 1048 suo
522 982 585 1046 ritu
606 982 769 1079 procedit,
787 987 818 1047 et
841 1001 952 1047 omnes

117 1095 250 1161 foedere
273 1103 409 1163 naturae
432 1103 519 1162 certo
543 1095 728 1161 discrimina
751 1105 901 1161 servant.

67 1231 95 1278 ns
159 1211 204 1274 At
225 1231 330 1295 genus
352 1212 526 1277 humanum
548 1211 647 1275 multo
670 1208 728 1273 fuit
748 1210 828 1274 illud
850 1211 883 1274 in
906 1212 991 1276 arvis

116 1325 250 1403 durius,
266 1332 301 1389 ut
322 1326 447 1410 decuit,
463 1327 560 1392 tellus
583 1324 668 1408 quod
691 1323 773 1389 dura
796 1333 956 1403 creasset,

114 1448 146 1506 et
167 1439 347 1505 maioribus
370 1448 401 1506 et
422 1440 534 1505 solidis
555 1442 659 1523 magis
683 1440 809 1504 ossibus
832 1440 918 1504 intus

115 1554 307 1639 fundatum,
324 1554 442 1619 validis
464 1561 573 1637 aptum
595 1556 798 1638 perviscera
821 1555 948 1630 nervis,

114 1688 174 1736 nec
197 1668 296 1734 facile
319 1688 360 1733 ex
381 1674 474 1733 aestu
496 1689 554 1733 nec
576 1669 696 1750 frigore
720 1668 807 1750 quod
830 1677 1014 1754 caperetur,

67 1805 98 1851 so
117 1804 176 1851 uec
198 1783 345 1849 novitate
368 1782 429 1849 cibi
453 1802 514 1848 nec
536 1784 602 1848 labi
626 1784 768 1867 corporis
790 1784 877 1847 nlla.

121 1901 285 1982 multaque
307 1919 365 1983 por
387 1898 509 1963 eaelum
533 1899 610 1963 solis
633 1898 794 1963 volventia
817 1897 917 1963 lustra

118 2015 295 2097 volgivago
317 1991 416 2078 uitam
438 2013 619 2078 tractabant
641 2032 728 2076 more
750 2011 910 2076 ferarum.

114 2149 174 2195 nec
195 2128 350 2194 robustus
373 2133 441 2191 erat
464 2128 551 2193 curvi
575 2127 756 2192 moderator
778 2128 877 2191 aratri

112 2244 309 2327 quisquam,
326 2261 386 2306 nec
408 2242 510 2307 scibat
531 2241 614 2306 ferro
638 2242 780 2307 molirier
803 2262 883 2307 arva

67 2379 91 2426 u
112 2377 176 2423 uec
197 2377 285 2423 nova
309 2354 462 2422 defodere
487 2357 661 2421 interram
684 2357 823 2439 virgulta
845 2377 948 2438 neque
971 2357 1045 2422 altis

115 2472 290 2538 arboribus
311 2478 438 2536 veteres
461 2471 612 2537 decidere
635 2471 763 2537 falcibu'
786 2493 914 2537 ramos.

116 2588 208 2671 quod
232 2587 281 2652 sol
302 2591 400 2669 atque
423 2587 545 2659 imbres.
564 2586 739 2671 dederant,
757 2587 842 2668 quo'd
866 2595 952 2652 terra
975 2591 1101 2651 crearat

116 2709 234 2787 sponte
257 2720 338 2785 sua,
354 2699 434 2765 satis
455 2700 490 2763 id
511 2701 663 2785 placabat
684 2710 816 2786 pectora
837 2701 977 2766 donum.

119 2814 322 2898 glandiferas
343 2815 428 2881 inter
450 2816 605 2881 curabant
627 2836 763 2902 corpora
786 2836 922 2898 quercus

67 2952 96 2997 so
118 2931 329 3014 plerumque:
347 2937 379 2996 et
401 2951 484 3013 quse
506 2951 591 2997 nuno
613 2933 744 2998 hiberno
768 2938 909 3015 tempore
934 2929 1037 2995 cernis
1164 2968 1176 2982 ·

118 3044 226 3110 arbita
248 3045 382 3128 puniceo
405 3045 475 3111 fieri
496 3053 622 3111 matura
646 3049 775 3122 colore,

118 3160 259 3246 plurima
280 3165 346 3224 tum
369 3160 464 3233 tellus
487 3162 583 3226 etiam
605 3162 730 3227 maiora
752 3159 899 3225 ferebat.

119 3274 284 3356 multaque
306 3280 477 3360 praetcrea
499 3276 627 3341 novitas
649 3282 714 3340 tum
737 3275 855 3340 florida
877 3274 986 3339 mundi

118 3389 240 3473 pabula
262 3389 344 3454 dura
365 3389 456 3465 tulit,
473 3391 598 3456 miseris
619 3390 806 3455 mortalibus
830 3389 957 3473 ampla.

67 3523 100 3569 rso
122 3509 156 3567 at
177 3501 295 3570 sedare
317 3504 402 3570 sitim
425 3504 513 3570 fluuii
535 3507 703 3586 fontesque
725 3505 903 3587 vocabant,
954 3485 957 3491 ¹

121 3624 154 3682 ut
174 3637 261 3683 nnnc
282 3619 442 3684 montibus
464 3638 482 3684 e
504 3620 632 3701 mugnis
655 3618 808 3684 decursus
832 3618 929 3699 aquai

121 3731 281 3816 clarigitut
302 3733 368 3798 late
389 3733 530 3798 sitientia
551 3735 662 3799 saecla
683 3732 845 3797 ferarum.

123 3844 262 3929 deniqne
285 3852 365 3912 nota
386 3847 461 3932 vagi
485 3847 644 3913 silvestria
666 3848 786 3931 templa
807 3845 957 3911 tenebant

124 4122 175 4173 991
192 4118 244 4171 Sed
261 4120 285 4170 si
305 4117 319 4185 Η
341 4120 391 4168 925
410 4118 442 4168 Et
462 4116 475 4185 Η
497 4121 546 4167 933
566 4119 652 4168 arari.
673 4115 687 4185 Η
708 4121 758 4168 934
776 4115 904 4165 mollerier
923 4111 936 4179 ΙΙ
961 4117 1010 4166 935
1028 4114 1139 4178 virgulta
1156 4109 1171 4180 Η
1191 4115 1242 4167 937

124 4216 255 4265 wat.
277 4205 291 4279 ΙΙ
313 4208 366 4256 944
384 4205 440 4255 dira
461 4204 474 4274 d
495 4210 544 4255 947
564 4205 749 4255 clu-icisstiate
770 4202 783 4272 ΙΙ
804 4205 854 4252 948
873 4202 945 4269 vagis
