2744 4658
179 248 241 312 124
708 241 765 304 llll

216 418 309 480 Nunc
331 434 412 499 age,
430 434 485 478 cur
507 413 590 477 ultra
613 408 777 496 speculum
800 413 945 478 videatur
966 414 1074 498 imago

103 551 154 596 aro
179 531 328 614 percipe:
345 550 421 593 nam
444 533 528 592 certe
550 527 676 612 penitus
699 539 823 594 semota
845 529 969 593 videtur

103 666 153 711 299
177 644 241 709 illis
265 663 347 726 qnae
370 642 507 709 reddunt
529 643 728 725 speculorum
751 663 792 709 ex
815 664 955 726 aequore
977 645 1100 710 risum.

103 780 150 825 arr
180 760 266 841 quod
288 780 391 843 genus
413 758 491 834 illa,
509 756 587 822 toris
611 778 692 840 quae
715 765 808 834 sunt,
824 759 907 823 bene
930 759 1200 844 transpiciuntur,

181 875 280 939 ianua
303 895 373 939 curn
395 892 453 957 per
475 892 510 937 se
532 879 747 956 transpectum
769 875 903 957 praebet
925 878 1090 956 apertum,

182 989 282 1053 multa
304 988 444 1070 facitque
467 986 544 1051 foris
567 1008 605 1051 ex
629 989 762 1053 aedibus
786 994 820 1051 ut
842 987 1029 1052 videantur:

184 1104 212 1169 is
235 1123 362 1186 quoque
385 1103 469 1167 enirn
492 1102 609 1184 duplici
633 1103 823 1186 geminoque
846 1102 880 1166 fit
902 1108 975 1166 ae‘re
998 1101 1105 1166 visus.

105 1238 155 1284 ars
180 1218 300 1300 primus
323 1217 407 1282 enim
431 1217 508 1281 citra
530 1223 638 1299 postes
654 1225 719 1281 turn
742 1218 877 1282 cernitur
899 1223 972 1299 aer,

180 1331 254 1397 inde
278 1332 365 1397 iores
388 1332 479 1415 ipsae
502 1331 614 1394 dextra
637 1333 793 1413 laevaque
817 1338 982 1414 secuntur,

179 1453 252 1529 post
275 1447 414 1511 extraria
436 1446 490 1507 lux
512 1447 622 1510 oculos
645 1453 805 1530 perterget
828 1453 859 1510 et
881 1454 936 1511 ae'r

181 1561 283 1636 alter,
299 1567 330 1624 et
348 1560 424 1637 illa,
442 1559 520 1624 foris
543 1581 625 1640 quae
649 1566 741 1644 suut,
758 1561 838 1624 bene
861 1560 1126 1644 transpiciuntur.

179 1675 224 1738 sic
246 1675 300 1738 ubi
325 1695 360 1739 se
382 1675 518 1759 primum
542 1675 663 1758 speculi
685 1675 818 1757 proiecit
840 1675 969 1758 imago,

105 1811 155 1856 289
182 1790 256 1853 duur
278 1790 365 1855 venit
387 1791 429 1854 ad
453 1794 577 1854 nostras
601 1789 706 1872 acies,
723 1789 880 1873 protrudit
902 1789 1032 1870 agitque

180 1913 256 1969 a'e'ra
279 1906 331 1986 qui
354 1905 436 1970 inter
459 1923 494 1968 se
517 1910 681 1985 cumquest
705 1906 877 1987 oculosque
900 1905 1042 1987 locatus,

180 2026 212 2084 et
234 2020 310 2084 facit
332 2026 365 2083 ut
386 2020 473 2103 prius
495 2018 580 2083 hune
603 2039 728 2084 omnem
753 2019 869 2084 sentire
893 2037 1048 2101 queamus

180 2154 275 2215 quarn
299 2133 480 2218 speculum:
498 2135 554 2198 sed
578 2133 631 2197 ubi
653 2134 819 2217 speculum
842 2153 967 2214 quoque
991 2134 1148 2204 sensimus
1170 2134 1297 2218 ipsum,

180 2249 328 2312 continuo
352 2269 372 2311 a
394 2247 488 2312 uobis
510 2247 624 2311 iterum
648 2267 731 2328 quae
754 2247 851 2311 fertur
873 2248 981 2332 imago
1034 2302 1036 2306 r

104 2382 153 2428 295
180 2362 342 2444 pervenit,
359 2368 390 2426 et
413 2369 537 2427 nostros
561 2363 671 2428 oculos
692 2363 811 2428 reiecta
833 2362 962 2438 revisit,

180 2482 277 2557 atque
300 2476 398 2540 aliurn
420 2497 499 2560 prae
522 2499 556 2544 se
578 2479 763 2563 propellens
786 2486 861 2542 aere
883 2478 1001 2563 volvit,

182 2597 213 2654 et
235 2592 312 2657 lacit
333 2598 366 2656 ut
389 2593 477 2678 prius
500 2595 584 2658 hune
607 2615 704 2676 quam
727 2614 762 2660 se
784 2594 968 2677 videamus,
986 2611 1089 2674 eoque

180 2706 300 2772 distare
323 2709 363 2772 ab
386 2711 516 2793 speculo
539 2717 660 2774 tanturn
683 2716 807 2776 semota
829 2708 974 2773 videtur.

181 2843 279 2903 quare
302 2825 396 2889 etiam
421 2831 516 2907 atque
541 2826 638 2890 etiaur
661 2825 789 2888 minime
813 2824 957 2888 mirarier
980 2831 1029 2888 est
1050 2833 1130 2908 pa'r,

106 2957 152 3003 299
181 2938 308 3002 aeribus
330 2939 413 3005 binis
436 2939 585 3021 quoniam
607 2959 659 3004 res
682 2939 778 3004 confit
799 2945 954 3020 utraque.

181 3073 265 3117 nunc
289 3072 328 3117 ea
351 3071 432 3132 quae
455 3053 547 3118 nobis
570 3055 782 3119 membrorum
804 3053 939 3119 dextera
962 3075 1037 3138 pars
1060 3061 1129 3138 est,

178 3168 211 3230 in
233 3166 372 3250 speculis
396 3166 429 3230 fit
450 3173 484 3230 ut
505 3168 537 3231 in
560 3169 655 3235 laeva
678 3170 821 3235 videatur
845 3189 882 3233 eo
906 3169 992 3250 quod

179 3281 346 3365 planitiem
369 3281 410 3345 ad
433 3284 554 3365 speculi
576 3284 708 3349 veniens
732 3305 803 3348 cum
827 3283 960 3349 offendit
981 3282 1109 3368 imago,

106 3416 155 3463 299
181 3416 246 3459 non
268 3397 459 3460 convertitur
481 3398 669 3482 incolumis,
687 3400 744 3465 sed
766 3403 1045 3464 rectaretrorsum

180 3511 227 3576 sie
250 3509 397 3588 eliditur,
414 3518 448 3594 ut
469 3512 588 3596 siquis,
603 3513 692 3599 prius
714 3513 806 3580 arida
829 3534 923 3595 quam
947 3513 988 3577 sit

179 3632 287 3690 cretea
308 3645 467 3709 persona,
485 3627 609 3692 adlidat
630 3629 757 3714 pilaeve
780 3629 923 3711 trabive,

181 3746 277 3822 atque
301 3760 341 3804 ea
363 3741 511 3805 continuo
536 3751 655 3808 rectem
679 3745 706 3809 si
729 3742 833 3808 fronte
855 3742 992 3823 figuram

105 3877 154 3925 323
180 3860 286 3921 servet
308 3861 339 3920 et
360 3855 472 3920 elisam
495 3863 579 3922 retro
601 3877 673 3924 sese
697 3857 856 3943 exprimat
877 3856 968 3943 ipsa.

184 4135 234 4182 270
253 4141 351 4182 remote
375 4129 388 4200 ll
415 4135 464 4181 271
486 4147 533 4194 que
551 4151 609 4186 vere
633 4136 646 4204 ll
673 4138 722 4186 277
741 4143 855 4201 perteget
881 4132 894 4204 Η
925 4138 975 4187 278
995 4151 1119 4198 querere
1143 4133 1156 4206 ΙΙ
1184 4139 1235 4190 283
1254 4138 1305 4188 ins·

182 4221 299 4285 peculum
320 4216 333 4288 ll
354 4221 405 4269 284
423 4219 450 4268 in
469 4234 527 4269 eum
547 4217 631 4289 ll=323
650 4223 724 4272 lisam
