2744 4658
154 252 196 315 46
700 247 732 310 11

155 418 290 500 ipsaque
313 415 442 480 deducit
463 415 529 479 dux
551 416 636 480 vitae
659 416 713 480 dia
736 416 887 499 voluptas

157 539 190 597 et
211 551 263 595 res
284 548 341 612 per
365 527 497 594 Veneris
520 530 681 594 blanditur
704 532 814 596 saeela
835 535 1036 614 propagent,

155 667 195 710 ne
217 664 320 728 genus
343 644 470 708 oeoidat
492 643 683 709 humanum.
700 666 834 726 quorum
857 643 965 708 omnia
987 664 1087 709 eausa

83 783 130 829 115
157 759 358 825 constituisse
382 758 460 824 deos
483 779 553 823 eum
577 759 721 841 fingunt,
737 757 875 822 onrnibu’
899 761 995 824 rebus

156 897 273 960 magno
298 893 395 957 opere
416 895 436 938 a
457 894 533 938 vera
556 873 638 955 lapsi
660 876 784 939 ratione
806 873 973 937 videntur.

156 1012 230 1055 narn
254 990 399 1070 quamvis
421 1010 523 1052 rerum
547 990 692 1071 ignorem
714 989 891 1073 primordia
913 1009 996 1070 quae
1018 990 1101 1064 sint,

156 1106 219 1181 boo
238 1110 347 1168 tamen
374 1123 413 1169 ex
434 1104 513 1187 ipsis
536 1105 617 1168 eaeli
641 1104 818 1169 rationibus
844 1104 945 1168 ausim

158 1220 351 1285 eontirmare'
368 1218 505 1300 aliisque
528 1239 567 1283 ex
590 1221 686 1285 rebus
708 1219 842 1283 reddere
865 1220 991 1302 multia,

84 1358 132 1404 rao
156 1355 361 1416 nequaquam
384 1335 477 1398 nobis
500 1335 651 1400 divinitus
674 1355 745 1400 esse
769 1340 910 1399 creatam

156 1456 301 1514 naturam
325 1450 456 1511 mundi:
473 1456 562 1513 tanta
585 1457 648 1514 stat
670 1450 816 1533 praedita
838 1448 953 1532 eulpa.

158 1583 239 1644 quae
261 1564 317 1627 tibi
340 1565 516 1647 posterius,
534 1564 680 1640 Memmi,
696 1564 851 1628 faeiemus
874 1570 1006 1646 aperta:

125 1698 241 1769 quune
263 1678 293 1741 id
319 1679 403 1759 quod
428 1699 523 1761 super
544 1685 593 1743 est
616 1679 655 1742 de
679 1679 815 1743 motibus
837 1677 1067 1764 expediemus]

200 1793 292 1856 Nune
315 1793 404 1857 loeus
428 1799 495 1876 est,
513 1799 546 1856 ut
569 1789 752 1877 opinor,‘in
776 1793 824 1856 bis
847 1791 926 1855 illud
950 1812 1077 1873 quoque
1099 1793 1198 1857 rebus

85 1928 133 1974 raa
157 1908 345 1972 confirmare
367 1908 443 1990 tibi,
460 1909 580 1972 nullam
604 1929 671 1972 rem
693 1928 788 1991 posse
812 1907 923 1972 suavi

158 2043 341 2105 corpoream
367 2042 489 2088 sursum
512 2023 589 2088 ferri
613 2043 798 2104 sursumque
820 2041 947 2100 meare3

156 2157 197 2201 ne
219 2136 275 2200 tibi
299 2137 375 2201 dent
399 2139 431 2200 in
455 2158 493 2202 eo
516 2139 716 2202 flammarum
739 2158 874 2220 eorpora
896 2137 1062 2201 fraudem.

156 2236 266 2315 sursus
289 2253 370 2315 enim
394 2272 506 2317 versus
529 2254 700 2332 gignuntur
723 2258 754 2317 et
776 2253 928 2335 augmina
951 2258 1078 2316 sumunt

157 2372 189 2429 et
211 2387 335 2430 sursum
359 2367 480 2431 nitidae
504 2367 611 2449 fruges
635 2368 827 2447 arbustaque
851 2373 1014 2446 creseunt,

84 2501 132 2546 roo
157 2481 320 2564 pondera,
338 2488 488 2561 quantum
511 2481 543 2544 in
568 2502 602 2546 se
625 2488 692 2557 est,
710 2502 781 2545 eum
803 2483 952 2547 deorsum
976 2489 1089 2547 ennete
1111 2483 1261 2548 ferantur

158 2616 216 2658 nee
238 2616 310 2658 oum
333 2597 500 2661 subsiliunt
522 2597 615 2678 ignes
637 2597 680 2660 ad
702 2602 785 2662 tenta
811 2599 975 2662 domorum

159 2715 189 2772 et
213 2711 308 2774 eeleri
330 2711 459 2774 flamma
480 2712 651 2794 degustant
672 2712 760 2794 tigna
786 2713 975 2793 trabesque,

160 2833 273 2907 sponte
296 2845 354 2889 sua
376 2825 483 2891 faeere
505 2829 538 2890 id
562 2828 630 2890 sine
653 2826 684 2888 vi
707 2827 873 2905 subigente
896 2827 1071 2909 putandum
1093 2833 1161 2891 est.

159 2939 243 3019 quod
267 2959 367 3020 genus
390 2948 457 3014 est,
475 2946 583 3004 nostro
607 2960 676 3003 eom
701 2940 814 3004 missus
838 2945 970 3024 eorpore
993 2940 1125 3021 sanguis

85 3074 133 3119 195
160 3053 274 3116 emieat
297 3054 441 3117 exultans
464 3056 527 3118 alte
550 3054 732 3138 spargitque
756 3076 919 3120 eruorem.

160 3188 265 3231 nonne
289 3168 377 3232 vides
402 3167 496 3232 etiam
520 3176 637 3250 quanta
659 3171 691 3234 ri
713 3173 803 3251 tigna
825 3172 997 3251 trabesque

158 3287 289 3365 respuat
311 3302 401 3345 umor
424 3286 556 3363 aquae?
579 3304 653 3347 nam
677 3305 739 3365 quo
762 3285 865 3366 magis
888 3285 1027 3350 ursimus
1048 3285 1113 3348 alte

159 3397 284 3461 deiecta
307 3403 338 3462 et
361 3418 480 3480 magna
501 3399 532 3462 vi
555 3398 645 3462 nrulti
667 3399 851 3482 pressimus-
865 3420 982 3480 aegre,

158 3518 222 3575 tam
246 3512 360 3595 eupide
384 3533 508 3578 sursum
530 3515 667 3578 removit
688 3514 788 3596 magis
811 3519 908 3604 atque
931 3514 1078 3596 remittit,

85 3648 134 3694 noo
159 3628 231 3710 plus
247 3636 287 3726 'ut
309 3634 399 3710 parte
422 3628 510 3694 foras
533 3635 696 3709 emergant
718 3628 932 3709 exiliuntque.

159 3761 219 3805 nee
241 3747 351 3807 tamen
373 3743 474 3825 haee,
491 3751 643 3823 quantum
666 3750 715 3807 est
737 3744 768 3806 in
792 3762 848 3826 se,
873 3741 1074 3827 dubitamus,
1099 3744 1237 3828 opinor,

160 3856 236 3936 quin
258 3877 392 3922 vanuum
414 3859 589 3941 perinane
611 3857 761 3923 deorsum
784 3865 897 3923 euneta
918 3856 1079 3922 serantur.
1125 3888 1128 3893 ·

165 4122 212 4168 181
234 4137 387 4183 quamquam
405 4124 503 4184 predita
522 4120 536 4190 Η
558 4126 607 4172 184
626 4139 726 4185 quoque
745 4124 808 4172 iliud
832 4123 845 4189 Η
872 4127 919 4172 192
940 4125 1013 4186 signa
1033 4121 1046 4191 Η
1069 4126 1117 4172 193
1135 4124 1254 4174 subiecta
1275 4123 1289 4193 Η

166 4212 215 4257 194
235 4225 248 4256 e
268 4206 283 4277 Η
305 4211 352 4256 197
373 4209 443 4257 altu.
464 4207 477 4277 Η
499 4213 547 4258 198
566 4211 675 4259 Dereeta
695 4211 708 4278 Η
731 4214 779 4259 199
799 4221 908 4263 removet
928 4211 942 4279 Η
963 4215 1013 4260 200
1033 4212 1206 4274 exillnntque.
