2744 4658
161 219 224 284 236
703 215 748 280 VI

201 386 294 462 Quod
318 407 414 470 super
437 394 504 471 est,
522 407 618 474 agere
640 388 791 470 incipiam
816 409 878 469 quo
902 389 1033 454 foedere
1055 389 1110 455 fiat

164 509 317 578 naturae,
335 502 493 597 lapis-„hie
517 511 551 566 ut
573 502 692 568 ferrum
716 503 831 568 dneere
854 506 976 587 possit,

162 639 255 701 quem
278 620 567 713 M.{{Pfiiss...v⁰⁰a¹¹i
589 618 693 702 patric
717 619 757 684 de
782 621 909 685 nomine
933 619 1031 698 Grai,

162 736 344 818 Magnetum
368 736 443 816 quia
465 733 500 797 fit
522 734 635 818 patriis
658 734 689 797 in
713 734 830 800 finibus
853 742 944 800 ortu.

86 870 136 916 919
161 849 246 913 hune
268 850 413 914 homines
437 850 576 934 lapidem
600 850 775 914 mirantur:
794 850 912 935 quippe
936 857 1082 915 catenam

162 984 263 1047 saepe
287 985 326 1028 ex
349 965 463 1029 anellis
486 966 591 1030 reddit
613 966 831 1050 pendentibus
855 986 893 1031 ex
918 987 972 1030 se.

160 1081 300 1162 quinque
323 1081 441 1144 etenim
464 1081 538 1146 lieet
560 1081 644 1145 inter
666 1083 739 1146 dum
763 1083 936 1166 pluresque
958 1083 1069 1148 videre

162 1195 274 1259 ordine
299 1196 456 1262 demissos
480 1198 604 1262 levibus
628 1198 775 1262 iactarier
798 1199 906 1282 auris,

160 1332 242 1375 unus
266 1313 319 1375 ubi
343 1332 382 1375 cx
407 1334 469 1377 unc
491 1313 651 1399 dependet
673 1321 783 1397 supter
807 1314 1008 1397 adhaerenS‚

86 1447 136 1492 crs
163 1445 200 1487 ex
225 1426 353 1508 alioque
377 1428 459 1493 alius
482 1429 600 1513 lapidis
622 1430 684 1493 vim
709 1429 879 1510 vinclaque
902 1430 1024 1494 noscit:
1058 1501 1060 1506 A

161 1562 262 1623 usque
285 1542 365 1607 adeo
389 1551 616 1626 permananter
639 1546 687 1609 vis
710 1545 854 1626 pervolat
876 1545 963 1610 eius.

200 1659 267 1720 linc
290 1678 391 1741 genus
414 1660 446 1722 in
469 1661 565 1724 rebus
587 1661 807 1724 firmandumst
830 1660 929 1723 muita
951 1659 1040 1744 prius
1062 1681 1157 1741 quarn

160 1772 261 1855 ipsius
284 1774 332 1839 rei
356 1776 512 1840 raticnenr
536 1777 672 1840 reddere
694 1776 819 1859 possis,

160 1894 192 1952 et
213 1890 343 1953 nimium
368 1890 473 1972 longis
496 1892 689 1972 ambagibus
713 1897 762 1956 est
784 1891 988 1972 adeundum3

86 2022 136 2069 920
163 2024 225 2084 qun
251 2005 352 2086 magis
375 2011 512 2071 attentas
535 2007 622 2071 auris
645 2008 851 2088 animumque
875 2027 1027 2091 reposce.

200 2121 360 2206 Principio
385 2124 533 2186 omnibns
556 2123 598 2186 ab
623 2122 738 2197 rebus,
756 2142 836 2203 quas
859 2141 995 2204 cumque
1018 2121 1185 2208 videmus,

161 2244 315 2320 perpetuo
338 2236 436 2302 fluere
459 2257 497 2300 ac
520 2236 598 2300 mitti
622 2237 795 2320 spargique
819 2245 980 2303 necessest

162 2373 296 2435 corpora
320 2373 405 2435 quae
429 2351 546 2418 feriant
567 2353 677 2417 oeulos
700 2354 866 2436 visumque
890 2356 1073 2420 lacessant:

162 2476 382 2552 perpetuoque
405 2470 508 2535 fluunt
529 2470 625 2534 certis
648 2470 689 2533 ab
712 2472 807 2534 rebus
830 2471 965 2553 ederes3

86 2607 135 2652 aas
160 2586 263 2671 frigus
288 2594 320 2649 nt
343 2607 363 2651 a
385 2587 511 2663 fluviis,
528 2585 615 2650 calor
638 2588 679 2650 ab
702 2588 790 2671 sele,
808 2593 916 2652 aestus
940 2588 982 2650 ab
1005 2586 1100 2650 undis

161 2703 332 2787 aequoris,
350 2724 463 2770 exesor
486 2722 684 2786 moerorum,
701 2702 795 2766 litora
817 2709 966 2786 propter:

160 2841 220 2886 nec
241 2822 322 2886 varii
347 2827 473 2887 cessant
496 2820 619 2885 sonitus
642 2838 773 2881 manare
795 2838 853 2900 per
876 2839 991 2882 auras:

160 2937 299 3019 denique
321 2939 353 3001 in
377 2959 413 3003 ns
437 2936 515 3002 salsi
537 2934 624 2998 venit
646 2953 738 2996 umor
760 2952 859 3017 saepe
883 2933 1027 3016 sapone,

160 3074 230 3117 cum
253 3072 344 3117 mare
366 3071 533 3117 versamur
555 3056 705 3135 propter,
724 3048 887 3131 dilutaque
911 3055 1021 3113 eontra

84 3189 134 3235 934
159 3175 224 3233 tum
248 3167 364 3231 tuimur
386 3166 510 3232 misceri
532 3164 712 3241 absinthia,
728 3165 832 3248 tangit
854 3186 1001 3229 amarer.

160 3302 261 3365 nsque
285 3283 367 3347 adeo
392 3283 538 3348 omnibns
561 3279 602 3343 ab
625 3279 720 3344 rebus
742 3300 794 3343 res
817 3300 963 3362 quaeque
986 3279 1121 3344 fluenter

85 3419 135 3465 930
160 3397 259 3462 fertur·
283 3399 367 3461 etin
391 3403 520 3462 cunctas
544 3395 711 3459 dimittitur
732 3395 872 3476 undique
895 3394 1015 3478 partis,

159 3534 218 3579 nec
240 3533 334 3576 mora
356 3533 415 3577 nec
440 3512 566 3594 requies
589 3511 670 3575 inter
693 3511 786 3574 datur
809 3510 875 3574 ulla
896 3510 1035 3594 fluendi,

161 3635 316 3712 perpetuo
341 3628 490 3709 queniam
515 3626 668 3691 sentimus
691 3632 723 3690 et
745 3625 851 3689 emnia
874 3644 1020 3708 semper.

161 3966 210 4011 907
230 3961 292 4025 lapsi
319 3957 332 4026 ΙΙ
358 3961 407 4008 908
428 3959 510 4020 Quam
536 3956 549 4025 ΙΙ
575 3961 624 4008 909
645 3968 730 4007 ortus.
753 3956 766 4026 Η
787 3961 836 4007 912
857 3958 907 4019 Qui
926 3973 1007 4019 neque
1033 3955 1046 4024 li
1071 3959 1120 4005 913
1140 3958 1252 4006 demisso
1273 3956 1286 4022 Η

160 4052 268 4100 iactaret
286 4064 377 4096 curras.
400 4045 412 4112 [Ι
435 4050 484 4097 915
504 4048 638 4109 vineisque
664 4044 677 4114 Η
698 4050 747 4095 910
767 4055 926 4110 permanatcr·
951 4053 964 4111 51
988 4046 1098 4108 pervalet
1124 4042 1137 4111 Η
1163 4048 1213 4093 919
1234 4063 1287 4095 rurr-

162 4138 299 4201 buginibns
319 4132 332 4203 Η
353 4138 402 4184 922
421 4135 477 4183 miti
497 4136 630 4198 sparcique
656 4133 667 4201 Η
689 4138 738 4183 923
759 4152 823 4197 nque
843 4132 857 4202 Η
878 4138 928 4182 995
949 4149 964 4182 a
982 4135 1120 4182 ontisrnnr.
1142 4132 1155 4197 Η
1177 4132 1252 4181 fluvis
1272 4130 1285 4200 ΙΙ

162 4243 177 4275 a
196 4227 249 4274 sele
272 4223 284 4291 ΙΙ
306 4226 356 4273 928
376 4233 434 4273 rent
456 4220 468 4291 ΙΙ
490 4225 536 4271 931
559 4223 642 4284 nequis
663 4220 675 4290 Η
697 4224 787 4270 933;
802 4238 846 4282 rv,
861 4224 929 4270 229.
