2744 4658
705 247 763 310 ΠΠ

207 419 275 482 Nec
298 418 405 483 divina
429 423 531 482 satum
554 419 729 501 genitalem
752 417 881 481 numina
905 417 1053 498 cuiquam

167 533 368 611 absterrent,
383 539 477 617 pater
500 554 520 598 a
543 534 649 614 gnatis
671 554 711 596 ne
735 533 879 597 dulcibus
902 553 1053 614 umquam

77 669 150 717 1215
170 649 350 734 appelletur
373 654 404 714 et
425 654 462 712 ut
483 647 582 712 sterili
604 647 729 712 Venere
752 648 859 730 exigat
882 669 1014 726 aevom3

168 763 255 845 quod
277 740 462 846 plerumque
485 769 617 847 putant,
634 769 665 827 et
686 764 785 827 multo
810 764 967 844 sanguine
989 763 1101 827 maesti

167 883 387 961 conspergunt
408 897 481 942 aras
505 878 697 960 adolentque
720 879 835 942 altaria
858 879 968 962 donis,

167 998 203 1056 ut
226 992 380 1073 gravidas
402 991 539 1056 reddant
561 1013 676 1057 uxores
699 993 820 1057 semine
843 993 953 1076 largo,

166 1126 208 1170 ne
231 1107 404 1188 quiquam,
421 1105 528 1172 divom
551 1128 666 1173 numen
690 1109 847 1189 sortisque
869 1106 1028 1189 fatigant.

80 1241 243 1290 12401011
267 1221 390 1285 steriles
413 1222 543 1285 nimium
567 1242 674 1286 crasso
699 1230 771 1286 sunt
794 1223 914 1285 semine
936 1221 1070 1305 partim,

168 1341 201 1402 ct
223 1335 493 1420 liquido'praeter
516 1338 630 1402 iustum
654 1337 803 1418 tenuique
826 1337 984 1401 vicissim.

168 1457 266 1516 tenve
289 1451 368 1516 locis
392 1451 553 1532 quianon
576 1452 658 1534 potis
682 1458 730 1514 est
752 1437 893 1531 adfigere
916 1451 1111 1534 adhaesum,

166 1566 298 1648 liquitur
320 1567 480 1649 extemplo
505 1574 536 1631 et
557 1571 741 1630 revocatum
764 1565 848 1629 cedit
870 1568 1003 1631 abortu.

167 1681 308 1747 crassius
330 1681 380 1746 his
402 1702 497 1766 porro
522 1681 672 1762 quoniam
696 1682 874 1745 concretius
896 1702 1002 1762 aequo

85 1817 152 1865 1245
167 1796 319 1874 mittitur,
335 1802 391 1860 aut
413 1818 476 1861 non
498 1805 562 1860 tam
584 1797 709 1889 prolin
732 1795 878 1878 provolat
900 1795 963 1859 ictu

169 1920 224 1977 aut
246 1919 412 1996 penetrare
436 1913 524 1976 locos
548 1932 650 1993 aeque
673 1910 783 1991 nequit
805 1916 860 1973 aut
881 1916 1079 1993 penetratum

166 2047 265 2112 aegre
287 2010 480 2092 admiscetur
504 2026 648 2090 muliebri
671 2026 791 2090 semine
814 2045 942 2090 semen.

166 2163 241 2207 nam
264 2141 395 2205 multum
419 2142 603 2206 barmoniae
627 2140 759 2206 Veneris
782 2139 908 2206 differre
930 2140 1094 2204 videntur.

168 2263 264 2340 atque
287 2257 369 2321 alias
393 2257 450 2320 alii
472 2259 634 2342 complent
656 2257 778 2340 magis,
797 2275 837 2320 ex
859 2255 995 2337 aliisque

82 2394 151 2442 1250
167 2372 346 2458 succipiunt
367 2372 453 2436 aliae
476 2372 602 2456 pondus
625 2373 727 2452 magis
748 2371 846 2452 inque
868 2376 1079 2453 gravescunt.

169 2494 202 2554 et
222 2489 340 2552 multae
362 2487 487 2553 steriles
510 2487 705 2572 Hymenaeis
728 2492 800 2550 ante
821 2486 949 2550 fuerunt

168 2604 332 2688 pluribus,
350 2611 381 2667 et
403 2609 518 2667 nactae
540 2608 613 2685 post
635 2608 708 2665 sunt
729 2607 837 2666 tamen
859 2601 945 2666 unde
967 2601 1092 2683 puellos

167 2720 329 2803 suscipere
352 2724 383 2783 et
403 2725 496 2802 partu
519 2723 653 2803 possent
675 2717 829 2782 ditescere
852 2715 958 2780 dulei.

169 2840 202 2900 ct
226 2833 340 2916 quibus
364 2841 438 2898 ante
462 2834 547 2899 domi
571 2832 730 2899 fecundae
754 2852 852 2916 saepe
875 2831 1061 2913 nequissent

83 2969 152 3017 1255
168 2968 285 3014 uxores
307 2969 442 3034 parere,
459 2950 620 3014 inventast
641 2949 706 3013 illis
729 2969 856 3032 quoque
879 2968 1009 3033 compar

167 3070 305 3142 natura,
321 3071 355 3129 ut
377 3070 508 3149 possent
530 3063 638 3146 gnatis
660 3065 784 3127 munire
807 3071 988 3128 senectam.

169 3198 271 3261 usque
294 3178 376 3246 adeo
399 3179 509 3263 magni
533 3179 697 3263 1·elert,ut
720 3178 843 3241 semina
864 3177 988 3260 possint

168 3295 343 3360 seminibus
367 3294 564 3359 commisceri
586 3293 769 3374 genitaliter·
792 3298 885 3375 apta,

172 3429 345 3492 crassaque
369 3409 558 3474 conveniant
579 3407 711 3489 liquidis
733 3415 763 3471 et
784 3407 908 3489 liquida
932 3408 1069 3471 crassis.
1106 3450 1122 3462 ,

86 3545 154 3592 1200
171 3530 269 3606 atque
291 3525 323 3589 in
347 3545 385 3589 eo
410 3523 506 3588 refert
529 3542 591 3603 quo
613 3522 699 3586 victu
721 3522 787 3584 vita
809 3522 951 3586 colatur:

169 3658 309 3722 namque
331 3639 405 3704 aliis
426 3637 520 3703 rebus
543 3643 752 3701 concrescunt
773 3637 896 3700 semina
919 3635 1088 3720 membris,

168 3761 265 3837 atque
287 3755 361 3819 aliis
383 3756 594 3819 extenvantur
616 3750 790 3834 tabentque
812 3751 974 3816 vicissim.

169 3875 201 3933 et
223 3869 337 3952 quibus
359 3869 431 3953 ipsa
452 3865 556 3932 modis
579 3872 730 3931 tractetur
753 3841 870 3932 blanda
891 3866 1062 3950 voluptas,

174 4147 243 4194 1234
259 4154 358 4208 praeter
377 4143 390 4210 il
414 4146 480 4192 1243
495 4145 575 4193 eredit
595 4140 608 4212 li
630 4145 697 4191 1244
710 4143 752 4192 hie
773 4140 785 4208 li
808 4145 873 4191 1247
888 4142 988 4192 mulieri
1010 4138 1022 4209 ii
1045 4141 1110 4190 1252
1124 4152 1170 4203 pos
1190 4134 1203 4203 ΙΙ
1226 4138 1291 4187 1255

172 4231 268 4283 Uxoris
287 4230 301 4300 li
323 4234 389 4282 1259
409 4231 563 4281 conveniunt
583 4228 596 4298 l}
619 4232 684 4280 1262
704 4229 748 4279 alii
771 4228 784 4298 Η
804 4230 930 4293 tabeuque
