2678 4658
668 230 696 293 V

124 417 185 460 narn
208 415 294 480 quae
317 417 454 480 eumque
476 398 566 464 vides
587 400 674 465 vesei
697 400 847 466 vitalibus
869 403 975 488 auris,

120 516 169 575 aut
190 509 286 576 dolus
309 518 366 577 aut
387 512 488 578 virtus
511 520 566 577 aut
588 514 727 596 denique
750 515 911 582 mobilitas
935 526 983 583 est

121 641 155 687 ex
176 623 310 693 ineunte
332 646 414 693 aevo
436 646 539 708 genus
561 627 593 691 id
617 634 721 698 tutata,
739 649 926 696 reservans:

71 753 104 801 uu
122 737 280 822 multaque
305 747 397 826 suut,
417 741 509 807 nobis
531 761 572 806 ex
594 742 730 808 utilitate
755 765 813 809 sua
836 766 918 826 quae

120 854 342 920 commendata
364 860 513 938 manent,
530 856 650 921 tutelae
672 858 791 924 tradita
814 868 962 926 nestrae.

84 959 87 965 ’
117 967 274 1053 principie
298 989 401 1051 genus
425 989 500 1034 aere
521 969 650 1035 leonum
673 993 835 1055 saevaque
859 976 968 1041 saecla

116 1087 249 1147 tutatast
270 1084 393 1160 virtus,
409 1084 521 1168 volpes
544 1085 656 1169 delus,
674 1092 706 1151 et
728 1087 803 1171 suga
826 1109 957 1154 cervos.
1026 1121 1037 1140 ·

113 1201 146 1259 at
166 1195 348 1281 levisomna
370 1217 484 1262 eanum
507 1197 569 1262 fido
594 1219 664 1262 eum
687 1207 816 1284 peetere
840 1202 955 1288 eorda,

67 1329 89 1376 35
112 1315 144 1375 et
164 1329 272 1392 genus
297 1331 389 1376 omne
412 1311 500 1394 qued
523 1318 570 1378 est
593 1315 733 1379 veterino
757 1314 878 1381 semiue
901 1324 1049 1400 partum,

111 1424 346 1509 lanigeraeque
368 1427 463 1492 simul
485 1428 626 1512 pecudes
650 1435 681 1492 et
704 1431 825 1495 bueera
847 1432 958 1507 saecla

109 1540 221 1605 emnia
248 1548 323 1613 sunt
344 1540 506 1606 homiuum
528 1544 648 1608 tutelae
672 1540 807 1630 tradita,
824 1547 972 1612 Memmi:

109 1674 186 1719 nam
211 1656 332 1741 eupide
354 1656 468 1740 fugere
490 1659 576 1723 feras
588 1707 601 1753 ,Ι
613 1679 789 1742 pacemque
812 1669 924 1727 seeuta

110 1776 182 1834 sunt
206 1777 242 1834 et
263 1771 356 1855 larga
377 1792 434 1837 suo
457 1772 527 1837 sine
549 1773 670 1856 pabula
692 1774 937 1860 parta-labere,

67 1903 194 1965 itaquae
219 1885 337 1980 damus
359 1887 504 1951 utilitatis
526 1905 635 1952 eorum
659 1890 802 1972 praemia
825 1911 943 1956 eausa.

111 2006 140 2062 at
161 1999 239 2083 quis
263 2001 309 2065 nil
328 2001 444 2066 horum
466 2002 577 2066 tribuit
599 2011 733 2088 natura,
750 2024 809 2070 uee
831 2005 903 2089 ipsa

108 2123 227 2201 sponte
250 2135 311 2183 sua
332 2125 466 2200 possent
489 2124 523 2182 ut
547 2120 653 2183 vivere
676 2140 735 2184 nee
758 2119 837 2185 dare
859 2122 952 2186 nobis

109 2231 283 2295 utilitatem
306 2231 469 2318 aliquam,
487 2253 585 2315 quare
608 2242 790 2318 pateremur
814 2256 922 2300 eorum

108 2344 277 2430 praesidio
297 2351 408 2411 nostro
430 2349 522 2432 pasei
545 2368 647 2429 genus
670 2368 808 2432 esseque
830 2356 951 2434 tutum,

70 2460 257 2533 useilieet.
274 2461 357 2527 haee
379 2461 454 2527 aliis
477 2462 620 2545 praedae
643 2464 794 2546 luemque
817 2464 967 2530 iacebant

108 2574 303 2662 indupedita
326 2576 391 2641 suis
413 2575 565 2644 fatalibus
589 2578 695 2643 omnia
717 2578 850 2655 vinulis,

110 2688 218 2756 donee
239 2689 282 2755 ad
305 2689 468 2758 interitum
490 2712 593 2778 genus
616 2692 649 2757 id
671 2674 785 2754 natura
807 2694 949 2774 redegit.

150 2805 218 2874 Sed
241 2826 346 2891 neque
368 2809 518 2874 Centauri
540 2809 686 2885 suerunt,
703 2827 763 2873 nee
785 2815 929 2892 tempore
951 2809 985 2873 iu
1007 2809 1073 2873 ulle

111 2943 185 2990 esse
207 2930 328 3007 queunt
351 2924 470 3009 dupliei
494 2929 610 2988 natura
634 2929 665 2989 et
689 2943 822 3008 empore
843 2924 919 2989 bine

67 3057 90 3105 te
112 3058 154 3103 ex
175 3039 368 3122 alienigenis
391 3040 541 3104 membris
564 3043 751 3122 compacta,
768 3043 913 3122 potestas

114 3152 189 3219 hine
210 3152 300 3219 illine
321 3153 422 3239 partis
444 3159 478 3217 ut
500 3154 527 3219 si
549 3175 609 3238 par
632 3172 704 3219 esse
727 3154 873 3237 petissit.

113 3267 150 3333 id
171 3268 247 3334 lieet
267 3267 342 3334 hine
365 3268 511 3352 quamvis
533 3268 640 3334 hebeti
663 3288 859 3349 cognoscere
882 3269 997 3334 eorde.

115 3382 272 3466 prineipie
295 3383 411 3448 eireum
433 3383 534 3447 tribus
557 3383 636 3448 aetis
657 3382 794 3464 impiger
816 3383 908 3448 annis

113 3495 207 3562 floret
228 3515 327 3571 oeus,
344 3517 424 3580 puer
445 3499 523 3563 haut
546 3516 703 3580 quaquam
720 3521 726 3560 :
743 3517 818 3561 nam
842 3515 940 3580 saepe
961 3497 1057 3562 etiam
1079 3519 1165 3564 nune

67 3628 93 3677 us
116 3612 215 3679 ubera
237 3633 444 3677 mammarum
468 3614 501 3678 in
524 3613 644 3678 somnis
668 3612 823 3676 laetantia
846 3617 998 3693 quaeret:

115 3733 188 3811 pust
210 3726 265 3792 ubi
288 3746 378 3792 ecum
402 3727 534 3792 validae
557 3728 642 3792 vires
664 3733 771 3791 aetate
794 3733 927 3792 senecta

116 3843 326 3927 membraque
348 3841 499 3908 deficiunt
521 3841 656 3924 fugienti
680 3840 834 3924 languida
856 3840 942 3924 vita,

114 4018 247 4027 ——-.-
260 4021 270 4027 .
277 4020 316 4026 ..-

116 4122 166 4171 858
184 4128 241 4171 tnta
259 4117 275 4188 Η
296 4122 348 4170 865
368 4120 446 4169 veteri
465 4135 516 4168 non
539 4117 552 4186 Η
572 4122 621 4168 866
641 4119 737 4182 bugera
758 4116 771 4183 Η
791 4119 840 4165 868
859 4125 977 4165 secutae.
999 4114 1012 4182 Η
1037 4118 1085 4164 871
1106 4114 1132 4160 ni
1154 4109 1166 4179 Η
1188 4115 1238 4162 878

117 4208 189 4275 quari
209 4206 225 4276 Η
245 4209 296 4258 881
318 4206 403 4273 parvis
422 4216 518 4256 utnon
537 4207 570 4254 sit
588 4222 645 4271 pars
667 4203 679 4274 Η
701 4208 751 4253 884
771 4218 924 4268 quamquam
945 4199 957 4271 Η
979 4204 1028 4250 885
1047 4199 1169 4250 laetantia
