2744 4658
172 226 214 294 62
720 220 750 287 11

97 417 147 464 680
171 392 326 474 religione
349 391 488 455 animum
512 393 595 476 turpi
618 392 804 476 contingere
826 397 956 476 parcat.

98 533 148 578 666
215 509 321 591 Saepe
343 507 453 588 itaque
476 526 515 571 ex
538 528 601 573 uno
624 507 795 573 tondentes
817 507 965 588 gramina
987 526 1100 591 campo

170 624 332 706 lanigerae
355 622 494 706 pecudes
519 628 550 686 et
572 642 723 703 equorum
745 621 884 687 duellica
906 622 1013 713 proles

172 737 384 818 buceriaeque
406 755 520 819 greges
543 735 655 801 eodem
679 738 738 802 sub
760 736 901 819 tegmine
922 735 1004 801 caeli

173 873 213 918 ex
237 871 364 933 unoque
387 850 469 914 sitim
491 850 646 917 sedantes
668 851 796 916 flumine
815 851 912 933 aquai

96 1052 99 1055 Ι
174 965 318 1033 dissimili
339 966 447 1031 vivont
468 967 595 1050 specie,
611 966 812 1048 retinentque
835 972 1004 1050 parentum

99 1103 148 1150 666
174 1088 320 1146 naturam
344 1086 375 1145 et
397 1100 500 1146 mores
523 1081 701 1163 generatim
724 1101 868 1163 quaeque
891 1081 1074 1146 imitantur.

173 1202 264 1261 tanta
286 1202 353 1272 est,
371 1195 403 1259 in
427 1196 539 1277 quovis
562 1216 681 1277 genere
703 1197 843 1274 herbae,
861 1196 1009 1263 materiai

174 1311 337 1376 dissimilis
360 1312 440 1375 ratio
454 1360 462 1393 ‚
478 1317 568 1375 tanta
591 1319 639 1377 est
660 1312 693 1376 in
715 1311 842 1376 flumine
866 1331 1016 1393 quoque.

88 1489 90 1492 .
173 1427 248 1490 hine
269 1446 363 1508 porro
388 1426 533 1507 quamvis
556 1427 747 1490 animantem
770 1446 810 1491 ex
834 1426 980 1491 omnibus
1002 1446 1099 1491 unam

174 1560 249 1605 6666
271 1560 362 1604 cruor
384 1560 485 1605 venae
509 1542 595 1604 calor
618 1562 708 1605 umor
730 1541 854 1606 viscera
877 1543 966 1607 nervi

100 1676 149 1722 670
175 1655 389 1736 constituunt3
407 1675 490 1737 quae
513 1661 586 1720 sunt
606 1676 701 1739 porro
725 1654 874 1720 distantia
896 1656 1015 1736 longe,

174 1769 321 1834 dissimili
342 1769 485 1853 perfecta
507 1770 609 1851 figura
630 1771 877 1854 principiorum.

172 1891 237 1949 tum
262 1905 355 1968 porro
379 1904 463 1967 quae
486 1905 620 1966 cumque
641 1886 707 1967 igni
731 1885 891 1950 flammata
913 1892 1112 1961 cremantur,

175 2000 201 2065 si
225 2000 268 2063 nil
291 2007 599 2082 praeterea‚tamen
623 2002 703 2066 haee
724 2001 758 2064 in
781 2020 914 2085 corpore
938 1999 1065 2075 celant,

174 2113 259 2202 unde
281 2114 387 2198 ignem
410 2115 515 2179 iacere
539 2113 696 2178 etlumen
720 2115 912 2179 summittere
935 2115 1060 2198 possint
1124 2153 1127 2158 -

101 2249 150 2296 676
176 2229 395 2310 scintillasque
418 2247 516 2310 agere
539 2248 578 2292 66
600 2228 663 2292 late
687 2227 814 2294 differre
836 2228 1000 2293 favillam.
1090 2211 1092 2215 ¹

176 2350 283 2408 cetera
306 2343 463 2407 consimili
485 2343 598 2407 mentis
621 2343 743 2407 ratione
763 2363 940 2425 peragrans

176 2458 319 2523 invenies
343 2457 436 2541 igitur
458 2456 624 2520 multarum
647 2457 769 2522 semina
792 2478 896 2522 rerum

176 2592 309 2656 corpore
333 2573 439 2636 celare
462 2577 494 2637 et
515 2573 620 2636 varias
643 2571 795 2639 cohibere
817 2572 958 2656 figuras.

156 2688 314 2768 ¹denique
337 2688 435 2750 multa
457 2686 568 2769 vides,
592 2687 708 2768 quibus
730 2695 761 2752 et
783 2688 871 2752 color
894 2693 925 2752 et
947 2707 1046 2771 sapor
1069 2707 1133 2753 una

101 2823 148 2869 666
178 2801 302 2866 reddita
324 2807 397 2865 sunt
419 2821 490 2864 oum
514 2801 631 2885 odore,
648 2804 681 2864 in
703 2802 800 2883 privis
824 2803 978 2884 pluraque
1002 2800 1109 2865 dona.

176 2917 258 2982 haec
280 2917 375 2998 igitur
398 2917 494 2980 variis
518 2918 635 2982 debent
658 2921 805 2981 constare
827 2917 957 2997 figuris:

178 3032 271 3097 nidor
294 3033 378 3095 enirn
401 3037 547 3112 penetrat
569 3049 632 3110 qua
654 3030 745 3094 sucus
768 3052 832 3094 non
854 3032 932 3094 itin
955 3040 1063 3114 artus,

175 3146 267 3210 fucus
291 3146 365 3208 item
389 3165 531 3228 sorsum,
548 3165 673 3209 sorsum
696 3166 793 3230 sapor
816 3146 994 3210 insinuatur

102 3282 151 3329 685
177 3260 344 3336 sensibus3
360 3265 394 3322 ut
416 3279 532 3324 noscas
554 3261 652 3343 privis
677 3261 806 3325 differre
828 3261 959 3342 figuris.

175 3374 346 3440 dissimiles
368 3375 462 3458 igitur
485 3374 607 3439 formae
629 3375 849 3455 glomeramen
872 3376 905 3440 in
929 3396 1023 3439 unum

176 3490 388 3567 conveniunt,
405 3498 436 3554 et
459 3509 509 3552 res
526 3490 687 3583 permixto
712 3493 832 3556 semine
854 3497 1019 3555 constant.

176 3604 251 3685 quin
275 3606 369 3669 etiam
392 3604 511 3689 passim
535 3605 650 3669 nostris
672 3607 706 3670 in
727 3605 872 3672 versibus
896 3605 975 3689 ipsis

177 3720 276 3783 multa
300 3702 459 3784 elementa
480 3719 572 3785 vides
595 3720 701 3785 multis
724 3721 904 3786 communia
927 3719 1051 3798 verbis,

177 3903 379 3911 -------.-

181 4022 231 4069 680
255 4030 360 4085 parato.
382 4017 396 4089 ll
417 4023 466 4070 663
491 4023 604 4073 sedentes
624 4019 638 4092 ΙΙ
659 4026 709 4073 664
733 4021 856 4074 retinente
878 4033 996 4088 parente.
1018 4019 1032 4092 ΙΙ
1053 4024 1104 4073 668
1126 4038 1193 4072 666.
1215 4017 1229 4090 ll
1251 4023 1302 4073 673

179 4109 327 4158 traduntur.
348 4107 360 4174 Η
382 4109 432 4155 674
451 4108 510 4171 igne
532 4112 545 4177 Η
566 4113 614 4160 681
634 4112 731 4175 primis·
744 4112 864 4176 pleraque
884 4107 897 4178 ΙΙ
919 4112 968 4160 683
987 4127 1062 4188 66666
1082 4109 1096 4181 Η
1116 4113 1168 4162 684
1185 4109 1267 4160 Sucus
1288 4111 1303 4179 Η

181 4211 278 4245 sorsum
296 4194 391 4246 asrael.
412 4195 424 4261 Η
445 4197 495 4245 685
514 4198 601 4262 primis
