2744 4658
144 227 207 290 aaa
686 217 730 282 Vl

144 393 248 474 guttai
273 393 325 455 vix
349 393 450 457 instar
473 397 565 456 erunt
587 391 681 454 unius
705 389 912 472 adaugnren3

69 530 119 576 666
145 529 207 590 quo
231 509 335 573 minus
358 514 407 573 666
429 508 542 571 mirum
567 527 653 570 mare
676 527 741 571 non
764 525 939 587 augescere
962 526 1133 588 magnum.

145 630 314 708 praeterea
337 643 488 703 magnam
512 623 560 687 661
582 629 704 706 partem
728 621 866 684 detrahit
889 627 1000 684 aestu.

145 739 263 822 quippe
285 738 430 803 videmus
454 739 538 801 enim
560 738 659 802 restis
683 756 793 803 umore
816 735 974 800 madentis

145 854 308 919 exsiccare
332 854 398 918 66ιὶ6
421 853 522 918 radiis
546 853 725 917 ardentibu'
749 851 871 916 solem:

145 975 179 1034 at
202 968 319 1051 pelage
343 970 444 1033 multa
467 975 498 1034 et
520 969 584 1033 late
608 969 770 1033 substrata
793 967 959 1031 videmus.

69 1106 118 1151 cao
145 1084 280 1167 proinde
304 1085 377 1149 licet
401 1085 547 1166 quamvis
574 1104 614 1149 ex
637 1104 700 1147 uno
724 1103 851 1164 rpuoque
874 1081 945 1146 loco
970 1082 1019 1146 sol

143 1199 263 1264 umoris
286 1221 418 1285 parvam
441 1201 562 1265 delibet
584 1201 625 1264 ab
650 1218 790 1280 aequore
813 1202 957 1280 partem:

144 1314 277 1396 largiter
296 1316 330 1378 in
353 1321 442 1379 tanto
465 1315 570 1398 spatio
593 1319 700 1379 tamen
724 1312 850 1377 auferet
873 1312 988 1378 undis.

143 1437 210 1494 tum
232 1452 328 1514 porro
351 1431 436 1494 venti
460 1450 587 1512 quoque
611 1450 762 1510 magnam
786 1427 899 1492 tollere
922 1433 1045 1509 partem

143 1548 262 1611 umoris
284 1553 419 1629 possunt
440 1553 605 1611 verrentes
628 1564 791 1626 aequora,
809 1543 912 1607 ventis

69 1682 119 1728 666
143 1682 207 1725 nna
230 1667 323 1726 noete
345 1661 413 1726 vias
437 1662 587 1742 quoniam
611 1678 769 1742 persaepe
792 1659 936 1722 videmus

144 1776 257 1840 siccari
282 1776 451 1858 mollisque
475 1776 533 1840 luti
557 1794 762 1840 concrescere
786 1779 931 1838 66666666.

68 1883 71 1888 ’
145 1898 313 1976 praeterea
337 1891 431 1956 docui
454 1892 585 1955 multum
609 1909 735 1973 quoqne
759 1889 869 1954 tollere
893 1889 993 1953 nubes

142 2026 287 2078 umorem,
308 2027 425 2087 magno
449 2012 637 2090 conceptum
660 2025 700 2070 666
724 2023 865 2085 aequore
888 2003 999 2085 ponti,

143 2129 174 2185 66
196 2122 315 2203 passim
339 2127 404 2185 toto
428 2128 584 2185 terrarum
607 2139 761 2202 spargere
783 2119 816 2181 in
840 2119 929 2201 orbi,

66 2256 117 2301 636
146 2256 216 2299 curn
241 2236 320 2318 pluit
342 2237 374 2299 in
397 2237 490 2300 terris
513 2242 543 2298 et
566 2235 651 2300 venti
674 2234 785 2298 nubila
806 2239 954 2316 portant.

143 2358 305 2434 postremo
330 2351 481 2431 quoniam
505 2371 580 2415 raro
605 2371 675 2414 cum
700 2363 835 2434 corpore
857 2350 953 2414 tellus

143 2470 210 2546 666,
229 2470 261 2528 66
283 2465 500 2550 coniunctast,
518 2486 590 2530 oras
614 2465 713 2530 marie
735 2466 877 2546 undique
900 2465 1054 2546 cingam,

144 2580 259 2664 debet,
276 2587 310 2644 ut
333 2581 365 2644 in
388 2602 475 2645 mare
498 2581 539 2645 de
562 2582 654 2646 terris
677 2581 764 2645 venit
787 2601 878 2644 umor
900 2581 1016 2663 aquai,

145 2695 303 2760 interrae
326 2697 440 2762 itidem
464 2718 593 2762 manare
617 2717 658 2762 ex
680 2716 821 2779 aequore
844 2697 950 2761 salso:

68 2832 118 2879 636
143 2812 324 2895 percolatur
348 2813 433 2877 enim
456 2814 562 2891 virus,
579 2820 728 2895 retroque
750 2816 898 2877 remanat

144 2927 297 2991 materies
319 2928 438 2992 umoris
462 2934 492 2991 66
515 2900 676 3010 6666666666
698 2928 847 2992 amnibus
870 2925 973 2990 omnis

144 3041 293 3125 confluit,
310 3041 386 3106 inde
410 3062 506 3125 super
528 3048 631 3106 terras
655 3042 736 3106 redit
759 3041 888 3124 agmine
911 3042 997 3106 dulei

145 3177 208 3239 qua
231 3156 284 3219 via
307 3163 396 3221 secta
418 3157 518 3223 semel
542 3157 664 3239 liquido
687 3157 770 3240 pede
794 3156 906 3221 detulit
927 3158 1073 3247 undam]

181 3273 275 3335 Nune
297 3271 378 3337 ratio
403 3293 485 3354 quae
509 3272 570 3355 sit,
587 3291 645 3356 per
668 3271 780 3336 fauces
804 3273 919 3337 montis
941 3279 976 3338 ut
998 3277 1130 3375 Q

64 3408 114 3454 646
146 3386 291 3471 expirent
313 3387 406 3471 ignea
428 3388 511 3451 inter
534 3387 609 3450 dum
633 3386 759 3450 turbine
780 3391 890 3471 tanto,

145 3503 313 3586 expediam
329 3527 336 3566 ε
352 3522 457 3585 neque
480 3502 564 3566 enim
588 3502 741 3567 mediocri
764 3501 857 3567 clade
879 3511 988 3569 coorta

143 3615 292 3682 flammea
313 3625 488 3703 tempestas
511 3617 654 3682 Siculum
676 3621 842 3685 dominata
864 3641 921 3704 per
944 3641 1041 3702 agros

145 3731 286 3798 finitimis
310 3733 351 3798 ad
374 3753 411 3800 66
434 3733 590 3800 convertit
611 3735 760 3819 gentibus
783 3756 861 3815 ora,

147 3933 348 3941 *—

148 4036 254 4084 616661
273 4052 393 4100 magnam
414 4038 426 4103 Η
449 4040 496 4086 621
518 4039 549 4086 ud
571 4035 584 4104 ll
610 4041 660 4086 624
680 4039 765 4088 renti.
791 4037 804 4105 Η
831 4042 880 4088 626
900 4049 1025 4089 66666666.
1047 4037 1061 4107 ΙΙ
1082 4043 1132 4090 629
1151 4042 1239 4090 orbis.
1260 4042 1273 4107 Η

150 4125 199 4171 632
222 4123 304 4187 magia
334 4123 346 4191 ll
377 4127 427 4174 638
452 4125 510 4175 tulit
538 4122 552 4194 ll
582 4129 631 4176 633
656 4126 744 4178 faueas
774 4124 787 4195 ll
816 4130 863 4177 641
889 4127 974 4180 media
1002 4128 1089 4194 grecia
1117 4129 1148 4180 de
1178 4127 1192 4196 Η
1222 4132 1272 4178 642

150 4209 279 4262 Flammae
