2678 4658
114 245 153 308 10
661 241 679 304 -l

111 431 193 492 quac
216 431 276 474 nos
299 410 455 500 fecundas
479 418 637 475 vertentes
660 433 788 477 vumere
811 415 925 493 glebas

94 525 271 611 ⁴terraique
295 526 396 588 solum
421 525 604 608 subigentes
627 527 726 591 cimus
753 528 795 591 ad
818 536 924 591 ortus:

109 640 195 721 quod
218 639 245 703 si
268 639 359 702 nulla
381 638 504 717 forent,
527 647 636 704 nostro
660 642 728 706 sinc
752 662 897 724 quaeque
918 643 1028 706 latore

110 759 222 836 sponte
245 773 303 817 sua
326 752 423 816 multo
446 754 513 817 fieri
537 757 671 820 meliora
694 757 838 821 videres.
981 737 986 746 ι

34 888 85 933 222
152 867 223 933 Η22
246 869 370 935 aceedit
392 871 437 933 uti
461 870 596 951 quicque
618 872 651 934 12
676 893 734 936 sua
757 892 890 955 corpora
914 892 1036 934 rursum

110 982 267 1048 dissoluat
289 992 402 1048 natura
425 1004 530 1065 neque
554 987 595 1049 ad
620 987 717 1050 nilum
741 987 907 1050 interemat
928 1005 999 1049 res.

112 1118 184 1162 nam
198 1092 313 1180 'siquid
335 1099 469 1164 mortale
491 1119 509 1163 e
532 1100 654 1164 cunctis
677 1099 819 1183 partibus
843 1107 946 1177 essct,

112 1233 150 1277 ex
174 1213 273 1278 oculis
296 1234 347 1277 res
370 1231 518 1293 quaeque
541 1221 670 1295 repente
693 1220 803 1297 erepta
825 1215 964 1297 periret:

111 1327 200 1391 nulla
221 1328 252 1391 vi
275 1327 356 1390 foret
378 1347 456 1391 usus
480 1326 584 1410 enim,
610 1348 693 1409 quac
716 1330 859 1412 partibus
882 1330 951 1394 cius
1003 1375 1009 1385 .

37 1464 88 1509 222
112 1444 279 1507 discidium
303 1461 417 1525 parere
440 1447 472 1505 et
494 1460 597 1506 nexus
620 1444 788 1508 exsolvero
810 1451 939 1526 posset.

111 1559 197 1639 quod
219 1577 323 1633 nunc,
347 1562 476 1620 aeterno
500 1557 574 1639 quia
596 1564 742 1620 constant
764 1561 885 1623 semine
908 1580 1075 1643 quaeque,

110 1673 214 1736 donec
236 1672 285 1735 vis
309 1671 405 1748 obiit,
430 1689 512 1751 quae
536 1690 587 1734 res
610 1671 789 1736 diverberet
811 1675 876 1738 ictu

109 1793 163 1850 aut
184 1787 269 1850 intus
291 1791 436 1870 penetret
456 1805 515 1867 per
537 1785 645 1848 inania
667 1788 905 1871 dissoluatquc‚

111 1901 230 1965 nullius
243 1901 383 1995 'exitium
405 1899 524 1983 patitur
545 1906 660 1965 natura
681 1902 800 1967 rideri.

36 2037 86 2082 222
112 2023 278 2099 praetcrea
300 2034 382 2094 quae
405 2033 541 2095 cumque
563 2022 718 2081 vetustate
740 2024 866 2081 amovet
889 2022 1000 2090 actas,
1066 2009 1069 2014 ’

110 2131 135 2193 21
158 2129 284 2214 penitus
307 2129 443 2213 peremit
465 2149 654 2193 consumens
679 2130 844 2194 materiem
867 2149 1015 2204 onmem,
1096 2175 1102 2187 .

110 2243 194 2307 unde
216 2245 356 2309 animale
379 2263 481 2324 genus
503 2240 677 2326 generatim
702 2245 735 2308 in
757 2245 877 2308 lumina
899 2245 984 2308 vitae

107 2359 251 2422 redducit
273 2359 404 2442 Venus,
429 2365 483 2422 aut
506 2357 693 2422 redductum
717 2359 857 2423 daedala
882 2359 977 2424 tellus

109 2473 194 2537 unde
217 2474 274 2536 alit
296 2480 391 2555 atque
414 2480 510 2554 auget
533 2473 707 2557 generatim
731 2475 854 2558 pabula
876 2474 1059 2558 praebens?

37 2608 87 2654 230
112 2588 196 2652 uudc
218 2609 327 2664 marc,
350 2589 500 2670 ingenuei
523 2590 648 2665 tontes,
673 2595 862 2672 extentaque
884 2590 981 2669 longe

109 2704 243 2770 flumina
266 2704 496 2789 suppeditant?
519 2705 604 2770 unde
627 2705 738 2770 aether
761 2703 867 2767 sidera
888 2703 1017 2784 pascit?
1041 2708 1050 2726 '

112 2822 219 2885 omnia
242 2821 324 2885 enim
349 2820 463 2903 debet,
488 2820 613 2883 mortali
637 2838 767 2902 corpore
790 2822 989 2899 quaesunt,

111 2936 233 3000 infinita
255 2941 344 3000 aetas
368 2953 558 3016 consumpse
581 2941 653 2997 ante
676 2942 749 2997 acta
772 2932 926 3014 diesque.

110 3049 196 3131 quod
219 3051 245 3115 si
268 3051 301 3113 in
325 3069 362 3113 eo
385 3049 489 3132 spatio
512 3054 607 3129 atquc
630 3055 704 3112 antc
727 3055 800 3112 acta
823 3052 928 3111 aetate
950 3045 1039 3110 fuere

39 3185 88 3232 232
114 3185 132 3229 2
155 3165 270 3246 quibus
292 3165 374 3229 haec
396 3184 498 3227 rerum
523 3163 668 3229 consistit
690 3183 814 3228 summa
836 3161 973 3243 refecta,

109 3280 269 3344 inmortali
294 3285 367 3344 sunt
389 3287 504 3344 natura
527 3279 670 3362 praedita
694 3286 798 3361 certe,

111 3395 189 3457 haut
210 3394 306 3474 igitur
328 3401 463 3477 possunt
485 3393 525 3457 ad
550 3394 648 3457 nilum
672 3413 821 3474 quaeque
844 3395 978 3458 reverti.

113 3508 253 3589 denique
277 3527 328 3573 res
350 3510 452 3573 onmis
476 3508 589 3573 eadem
612 3509 661 3572 ris
684 3528 847 3591 causaque
870 3510 965 3591 volgo

112 3624 300 3706 conticeret,
325 3623 387 3687 nisi
409 3624 558 3687 materies
583 3630 714 3687 aeterna
736 3630 874 3706 teneret,

40 3760 91 3806 212
114 3739 195 3801 inter
217 3756 252 3800 sc
275 3757 358 3801 nexu
381 3737 486 3800 minus
508 3743 565 3823 aut
587 3738 689 3817 magis
710 3737 917 3820 indupedita:

112 3857 215 3915 taetus
237 3851 321 3915 enirn
344 3850 399 3914 lcti
423 3851 500 3916 22112
523 3858 608 3917 22221
631 3872 729 3916 causa
750 3852 917 3933 prcl'ccto;

112 3965 250 4050 quippe,
274 3965 329 4029 ubi
351 3965 439 4029 nulla
463 3965 568 4030 forent
590 3973 720 4030 aeterno
744 3985 897 4048 corpore,
922 3985 1055 4046 quorum

115 4221 165 4269 215
186 4215 308 4282 quicquid
327 4215 353 4266 in
374 4211 386 4284 ll
408 4218 457 4264 217
478 4230 492 4266 e
510 4215 648 4267 2221221222.
670 4211 683 4283 ll
704 4217 755 4263 230
773 4218 926 4272 externaque
946 4206 1128 4275 1124022222
