2744 4658
145 200 208 263 216
613 254 658 329 ὑ
691 193 733 256 Vl

147 340 270 431 semina
293 372 483 431 concurrunt
506 364 602 428 calidi
624 364 761 448 fulgoris
783 364 826 429 ad
849 365 967 430 ictum.

148 481 194 546 sic
216 481 313 563 igitur
335 499 461 564 qnoque
484 500 535 545 res
559 480 691 547 accendi
715 480 847 546 fulmine
870 480 985 572 debet,

148 606 327 682 opportuna
348 597 408 660 fun
428 597 456 661 si
478 598 559 662 forte
583 602 614 660 et
636 597 754 663 idonea
774 597 932 663 flammis.

149 732 208 778 nec
231 719 349 778 temere
373 714 501 777 omnino
525 712 621 795 plane
643 712 691 776 vis
713 711 832 796 frigida
854 713 940 777 venti

73 849 124 896 320
148 849 219 894 esse
241 836 367 914 potest,
384 848 423 894 ea
446 847 528 910 quae
551 835 639 893 tanta
662 828 694 892 vi
716 829 817 894 missa
839 836 1026 913 supernest‚

149 945 246 1030 quin,
262 945 351 1029 prius
373 947 405 1009 in
429 965 523 1009 cursu
546 945 573 1008 si
597 965 659 1009 non
682 945 868 1010 accenditur
889 946 978 1027 igni,

153 1067 184 1122 at
206 1060 370 1143 tepefacta
392 1069 501 1127 tamen
522 1060 631 1125 veniat
653 1062 824 1125 commixta
847 1062 975 1126 calore.

188 1176 478 1279 irlpbilitasputem
500 1177 535 1241 tit
557 1177 697 1243 fulminis
720 1184 752 1241 et
774 1177 884 1257 gravis
905 1177 1006 1261 ictus,

151 1298 183 1356 et
204 1294 301 1358 celeri
324 1294 424 1358 ferme
446 1300 632 1378 percurrunt
655 1293 787 1358 fulmina
808 1295 920 1378 lapsu,

76 1428 126 1474 333
150 1409 287 1474 nubibus
310 1411 381 1494 ipsa
405 1410 489 1493 quod
513 1411 641 1474 omnino
664 1411 752 1493 prius
774 1411 872 1475 incita
894 1429 930 1474 se
952 1410 1000 1474 ris

152 1524 275 1605 colligit
296 1533 327 1588 et
349 1546 500 1610 magnum
523 1521 680 1592 conamen
702 1527 796 1590 sumit
819 1525 934 1599 eundi,

152 1637 228 1702 inde
252 1641 304 1703 ubi
329 1660 393 1704 non
417 1645 518 1724 potuit
539 1643 641 1707 nubes
665 1629 782 1726 capere
803 1641 918 1724 inpetis
941 1646 1089 1726 anctum,

153 1755 339 1837 exprimitur
358 1728 409 1821 ris
431 1768 528 1841 atque
551 1760 624 1824 irleo
648 1760 737 1822 volat
759 1758 875 1840 impete
898 1756 997 1840 miro,

152 1875 187 1931 ut
208 1871 323 1936 validis
346 1893 430 1954 qnae
453 1875 494 1937 de
516 1875 682 1939 tormentis
706 1875 804 1939 missa
826 1872 989 1937 feruntur.

77 2004 127 2052 330
152 1985 236 2050 adde
259 1988 386 2070 quode
410 1990 517 2072 parvis
539 1997 571 2056 et
593 1991 717 2055 levibus
740 1997 789 2054 est
812 1989 997 2071 clementie,

153 2122 212 2167 nec
233 2102 362 2171 facilest
384 2107 440 2171 tali
463 2115 595 2172 naturae
619 2108 776 2190 opsistere
800 2106 989 2186 quicquam:

152 2217 233 2281 inter
255 2222 338 2284 enim
363 2221 445 2306 fugit
467 2243 506 2287 ac
528 2227 675 2307 penetrat
697 2239 753 2304 per
776 2238 851 2281 rara
872 2219 1015 2296 viarum,

153 2354 215 2397 non
239 2336 336 2416 igitur
358 2339 464 2402 multis
488 2338 661 2404 offensibus
683 2337 716 2400 in
739 2333 929 2399 remorando

153 2450 310 2527 haesitat,
327 2451 411 2519 hanc
434 2456 475 2519 ob
498 2475 564 2520 rem
588 2454 682 2519 celeri
706 2453 795 2517 volat
815 2453 933 2534 impete
956 2451 1087 2539 labens.

79 2586 128 2634 333
154 2566 240 2632 adde
264 2569 349 2651 quod
374 2572 504 2637 omnino
528 2571 806 2654 natura-pondera
829 2569 980 2632 deorsum

153 2684 259 2747 omnia
281 2685 441 2771 nituntur,
460 2708 531 2752 cnm
553 2687 679 2770 plagast
700 2683 813 2749 addita
836 2703 933 2758 vero,

153 2799 313 2865 mobilitas
336 2802 516 2886 duplicatur
539 2809 570 2866 et
591 2803 728 2884 impetus
749 2801 804 2865 ille
826 2800 1006 2882 gravescit,

153 2923 188 2980 ut
211 2918 386 2981 vementius
409 2924 440 2981 et
463 2919 556 2982 citius
580 2936 663 2999 quae
687 2935 822 2996 cumque
844 2921 1008 2979 morantur

152 3031 248 3095 obvia
271 3031 420 3096 discutiat
442 3033 546 3116 plagis
568 3033 725 3113 itinerque
748 3037 919 3113 sequatur.

78 3165 129 3213 ero
153 3146 289 3228 denique
313 3147 398 3229 quod
421 3150 517 3232 longo
539 3149 627 3214 venit
648 3149 785 3231 impete,
802 3166 927 3212 sumere
950 3147 1046 3211 debet

155 3261 363 3326 mobilitatem
386 3264 481 3327 etiam
504 3270 600 3345 atque
623 3265 739 3342 etiam,
757 3283 842 3345 qnae
865 3263 979 3326 crescit
1001 3263 1107 3327 enndo

155 3383 186 3441 et
208 3377 335 3442 validas
358 3385 454 3462 auget
474 3381 552 3445 viris
576 3385 606 3443 et
627 3381 760 3444 roborat
781 3379 898 3443 ictum:

155 3512 228 3555 nam
250 3493 325 3557 t'acit
347 3504 381 3557 ut
404 3515 488 3576 quae
512 3496 575 3558 sint
595 3495 683 3560 illius
706 3496 828 3560 semina
852 3513 986 3574 cumque

155 3629 172 3675 e
194 3608 328 3690 regione
351 3611 454 3674 locum
478 3611 570 3692 quasi
592 3610 626 3675 in
648 3632 745 3675 unum
769 3616 882 3675 cuneta
903 3608 1067 3685 ferantur,

80 3744 130 3792 343
155 3724 262 3790 omnia
284 3726 445 3791 coniciens
466 3725 501 3789 in
523 3744 594 3790 eum
619 3726 781 3792 volventia
803 3745 950 3791 cursum.

156 3911 356 3919 ——-———.

159 4033 209 4080 318
228 4032 350 4080 indoneat
377 4028 390 4096 11
416 4032 466 4078 320
485 4046 517 4079 ex
537 4046 602 4093 qnae
621 4041 709 4080 tantan
735 4029 747 4097 11
774 4034 821 4080 321
843 4046 929 4079 cursus
951 4044 1004 4078 non
1029 4028 1042 4094 11
1067 4031 1117 4077 322
1137 4030 1241 4079 colore.
1268 4027 1281 4098 11

159 4119 209 4167 323
229 4117 357 4167 Nobilitas
378 4115 390 4185 11
412 4120 463 4166 324
481 4120 517 4166 At
537 4117 550 4184 11
569 4128 675 4181 percunt
701 4119 713 4186 11
735 4121 784 4168 335
804 4118 904 4167 Deinde
924 4114 937 4184 11
958 4118 1079 4166 deorum.
1100 4116 1113 4180 11
1135 4118 1185 4166 336
1205 4117 1285 4180 plaga

159 4206 180 4254 si
201 4202 214 4273 11
235 4207 287 4254 344
305 4206 436 4269 regionem
