2744 4658
164 236 223 299 144
696 231 755 295 ΠΠ

161 410 192 469 et
213 403 340 469 facilest
362 404 467 488 factu,
484 405 635 484 quoniam
659 402 828 467 coniuncta
851 408 997 468 tenetur.

84 540 134 587 990
158 519 234 584 inde
258 538 297 583 ea
320 538 475 603 proporro
500 538 615 601 corpus
636 517 725 595 ferit,
742 525 837 599 atque
859 518 905 582 ita
928 524 994 583 tcta

158 633 312 718 paulatim
336 633 438 698 moles
459 633 652 717 protruditur
674 639 769 715 atquc
792 639 956 698 movetur.

159 756 326 833 practerea
348 754 413 812 tum
436 747 567 812 rarescit
583 768 709 830 quoque
733 769 868 834 corpus,
886 756 917 814 et
938 755 1015 826 ae'r,

160 864 298 947 scilicet,
316 869 351 927 ut
373 863 468 928 debet
491 864 544 946 qui
567 884 693 948 semper
714 864 839 929 mobilis
862 870 968 943 extat,

159 1001 216 1064 pcr
238 978 401 1064 patefacta
422 979 510 1044 venit
532 985 738 1064 penetratque
761 979 920 1045 foramina
941 981 1070 1064 largus,

84 1117 133 1164 899
160 1104 190 1159 et
213 1095 408 1178 dispargitur
430 1095 472 1159 ad
495 1096 593 1178 partis
616 1096 660 1160 ita
683 1115 828 1178 quasque
849 1095 987 1160 minutas

163 1210 325 1294 corporis.
342 1210 394 1273 lric
415 1209 510 1292 igitur
534 1213 629 1276 rebus
651 1211 686 1274 tit
708 1212 866 1292 utrimque
889 1210 1035 1287 duabus,

159 1325 301 1409 corporis
325 1331 357 1388 ut
379 1324 469 1390 nuris
492 1325 572 1389 velis
596 1332 756 1408 ventoque
779 1327 920 1391 feratur.

159 1460 218 1505 nec
239 1446 346 1504 tamen
368 1440 447 1504 illud
470 1441 502 1504 in
526 1440 576 1504 his
597 1443 693 1507 rebus
716 1443 862 1508 mirabile
886 1445 1030 1524 constat,

159 1557 282 1620 tantula
305 1555 391 1637 quod
414 1561 535 1618 tantum
558 1575 674 1639 corpus
697 1557 887 1640 corpuscula
911 1562 1043 1640 possunt

85 1694 135 1742 900
161 1678 371 1752 contorquere
394 1677 425 1735 et
447 1690 528 1735 onus
550 1675 649 1736 totum
674 1679 857 1738 convertere
880 1678 1041 1737 nostrum:

161 1788 278 1871 quippe
301 1787 419 1853 etenim
445 1793 558 1852 ventus
581 1787 689 1871 suptili
713 1807 846 1873 corpore
868 1788 971 1853 tenvis

158 1905 255 1969 trudit
278 1923 378 1987 agens
402 1925 554 1987 magnam
577 1925 692 1989 magno
716 1905 878 1970 molimine
901 1924 1036 1980 navem,

160 2027 191 2086 et
215 2041 328 2085 manus
352 2041 415 2084 una
437 2021 518 2103 regit
540 2028 659 2102 quanto
683 2021 731 2084 vis
753 2020 873 2104 impete
896 2026 1024 2086 euntem

160 2142 256 2217 atquc
279 2136 510 2216 gubernaclum
533 2142 721 2218 00nt0rquet
744 2157 806 2218 quo
829 2135 908 2200 libet
928 2155 1046 2219 unum,

86 2273 135 2320 905
161 2253 343 2334 multaque,
361 2271 419 2335 per
442 2252 578 2316 trocleas
601 2257 633 2317 et
654 2257 828 2337 tympana,
845 2252 990 2337 pondera
1012 2270 1135 2333 magna

161 2372 340 2433 commovet
362 2372 459 2448 atque
483 2366 544 2431 levi
568 2366 706 2430 sustollit
727 2367 874 2432 machina
896 2368 987 2433 nisu.

199 2484 293 2547 Nunc
317 2482 431 2564 quibus
453 2482 507 2547 ille
530 2482 632 2546 modis
655 2501 785 2548 somnus
807 2503 864 2567 per
886 2483 1030 2546 membra
1055 2479 1194 2562 quietem

160 2597 277 2680 inriget
299 2603 396 2678 atquc
420 2596 519 2662 animi
543 2617 634 2662 curas
657 2616 675 2662 e
696 2604 825 2681 pectore
849 2599 971 2680 solvat,

162 2712 335 2778 suavidicis
358 2712 463 2797 potius
486 2733 581 2794 quam
605 2712 712 2776 multis
735 2713 879 2779 versibus
902 2712 1017 2790 edam3

86 2850 136 2897 910
160 2848 280 2915 parvus
303 2832 338 2890 ut
360 2832 409 2892 est
431 2828 522 2911 cycni
546 2827 657 2890 melior
680 2847 798 2908 canor,
814 2830 868 2893 illc
890 2848 1003 2911 gruum
1026 2846 1121 2908 quam

162 2945 284 3010 clamor
305 2942 337 3006 in
360 2941 511 3007 aetheriis
534 2944 697 3029 dispersus
721 2945 859 3009 nubibus
883 2941 1002 3007 austri.

161 3067 194 3122 tu
215 3058 291 3122 mihi
315 3057 358 3121 da
380 3057 483 3123 tenuis
506 3080 598 3125 aures
621 3061 825 3142 animumque
848 3077 1020 3141 sagacem,

161 3194 201 3238 no
223 3172 294 3237 fieri
316 3171 445 3254 negites.
464 3194 548 3256 quae
572 3176 675 3242 dicam
700 3194 817 3259 posse,
834 3179 983 3255 retroque

160 3308 236 3352 vera
257 3287 432 3371 repulsanti
455 3287 603 3353 discedas
625 3296 755 3373 pectore
778 3290 882 3371 dicta,

88 3423 137 3470 915
163 3406 296 3466 tutemet
316 3401 349 3465 in
370 3402 466 3484 culpa
487 3422 558 3467 curn
581 3403 626 3468 sis
648 3423 752 3487 neque
775 3392 904 3469 cernere
927 3402 1053 3487 possis.

160 3516 317 3600 principio
341 3538 472 3582 somnus
494 3516 528 3580 fit
550 3519 604 3582 ubi
627 3524 676 3584 est
697 3520 849 3584 distracta-
871 3539 929 3603 per
950 3522 1038 3581 artus

161 3629 209 3695 vis
232 3631 359 3697 animae
381 3633 561 3717 partimque
583 3633 670 3699 foras
693 3635 797 3700 eiecta
819 3633 951 3699 recessit

162 3751 193 3809 ct
214 3747 328 3829 partim
352 3753 500 3812 contrusa
523 3748 627 3829 magis
650 3750 806 3815 concessit
828 3749 860 3813 in
884 3749 1003 3812 altum:

162 3860 380 3927 dissoluuntur
401 3861 484 3927 eninr
507 3868 573 3927 tum
596 3863 723 3928 demum
746 3865 889 3929 membra
910 3863 1094 3944 fluuntque.

162 4033 363 4041 .——..-

167 4137 217 4186 889
231 4137 327 4186 facturn
347 4133 360 4205 Η
381 4138 432 4185 890
445 4136 510 4198 perit
528 4134 542 4204 Η
564 4139 612 4186 897
628 4145 686 4187 utac
706 4135 719 4206 Η
740 4139 789 4187 899
804 4137 916 4186 Tantuiu
930 4134 944 4204 Η
959 4139 1008 4186 905
1022 4136 1133 4201 pondere
1146 4151 1257 4199 magno.
1272 4130 1286 4202 Η

167 4226 215 4273 907
230 4225 299 4273 modi
319 4221 332 4292 Η
353 4224 454 4285 quiete.
473 4221 488 4292 Η
509 4226 558 4273 909
578 4224 723 4273 Suautdicis
743 4224 756 4291 Η
778 4225 829 4273 910
848 4223 963 4273 Tutimet
