2744 4658
153 237 195 299 94
691 232 738 297 ΙΙΙ

152 400 228 465 inde
249 400 304 464 ubi
325 402 464 466 robustis
486 400 626 466 adolevit
648 401 766 466 viribus
789 408 901 486 aetas,

79 537 130 584 450
155 515 322 580 consilium
346 536 472 598 quoque
496 517 597 580 maius
620 523 653 581 et
673 518 796 581 auctior
817 524 865 581 est
886 517 983 581 animi
1001 517 1069 582 vis:

153 636 227 713 post
248 629 302 693 ubi
323 631 388 694 iam
409 630 525 695 validis
548 639 734 712 quassatum
758 625 949 697 est'viribus
971 632 1044 697 aevi

155 765 271 828 corpus
295 751 326 808 et
349 745 470 810 obtusis
493 745 673 810 ceciderunt
694 747 815 811 viribus
837 753 945 824 artus,

154 859 316 924 claudicat
338 859 520 944 ingenium,
537 861 655 925 delirat
675 861 805 944 lingua,
822 861 914 927 labat
935 881 1045 939 mens,

155 974 262 1039 omnia
286 974 438 1039 deficiunt
459 981 556 1057 atque
580 997 643 1040 uno
666 983 809 1061 tempore
832 976 964 1041 desunt.

79 1108 130 1156 455
157 1109 233 1173 ergo
258 1088 390 1155 dissolui
412 1109 540 1173 quoque
562 1091 711 1156 convenit
733 1112 859 1156 omnem
882 1091 1000 1156 animai

154 1213 319 1283 naturam,
336 1225 393 1269 ceu
416 1203 541 1282 fumus,
558 1205 591 1268 in
613 1204 697 1269 altas
720 1206 804 1270 ae'ris
826 1226 942 1285 auras;

155 1320 414 1403 quandoquidem
436 1322 523 1405 gigni
547 1321 665 1403 pariter
687 1321 869 1404 pariterque
891 1321 1035 1386 videmus

157 1456 299 1501 crescere
323 1443 373 1513 et,
390 1443 424 1500 ut
446 1436 559 1519 docui,
576 1437 670 1500 simul
693 1457 773 1502 aevo
796 1436 883 1502 fessa
904 1435 1030 1502 fatisci.

196 1553 265 1616 Huc
287 1552 409 1616 accedit
432 1551 476 1614 uti
499 1551 685 1634 rideamne,
705 1571 821 1634 corpus
844 1559 876 1616 ut
898 1535 1002 1635 ipsum

81 1688 131 1735 400
158 1668 321 1750 suscipere
344 1665 480 1730 inmanis
502 1667 630 1731 morbos
653 1665 830 1746 durumque
852 1666 1017 1752 dolorem,

158 1783 205 1848 sic
227 1783 368 1847 animum
391 1802 485 1846 curas
507 1782 589 1846 acris
609 1782 790 1862 luctumque
812 1788 1010 1864 metumque3

157 1919 257 1980 quare
280 1897 469 1983 participem
491 1898 545 1962 leti
570 1917 697 1980 quoque
721 1896 869 1962 convenit
890 1918 982 1964 esse.

159 2012 235 2095 quin
258 2014 353 2078 etiam
374 2013 494 2078 morbis
517 2014 549 2076 in
572 2013 715 2096 corporis
738 2012 829 2077 avius
852 2019 938 2077 errat

159 2147 256 2223 saepe
279 2128 423 2193 animus:
440 2127 591 2192 dementit
614 2127 698 2191 enim
721 2126 886 2208 deliraque
908 2126 1016 2210 fatur,

83 2264 133 2310 405
159 2243 402 2324 interdumque
425 2242 517 2323 gravi
539 2242 684 2322 lethargo
708 2239 807 2306 fertur
829 2240 862 2305 in
884 2241 983 2304 altum
1034 2324 1039 2332 ,

159 2363 387 2440 aeternumque
410 2377 558 2442 soporem
581 2357 681 2421 oculis
703 2362 846 2438 nutuque
869 2356 1013 2440 cadenti;

157 2472 243 2538 unde
266 2492 369 2553 neque
392 2473 522 2537 exaudit
543 2493 638 2536 voces
661 2491 720 2536 nec
742 2492 875 2545 noscere
896 2473 1001 2538 voltus

158 2588 283 2652 illorum
305 2588 389 2671 potis
412 2594 478 2672 est,
495 2588 536 2652 ad
560 2587 657 2652 vitam
681 2589 733 2671 qui
753 2595 962 2652 revocantes*

160 2703 274 2766 circum
298 2709 382 2768 stant
402 2703 544 2768 lacrimis
566 2709 710 2769 rorantes
732 2725 791 2768 ora
813 2723 999 2784 genasque.

84 2837 135 2884 440
162 2837 261 2899 quare
284 2819 423 2882 animum
445 2838 571 2900 quoque
593 2817 725 2882 dissolui
748 2817 871 2881 fateare
894 2824 1077 2894 necessest,

54 2914 56 2918 ’
161 2931 420 3014 quandoquidem
442 2939 610 3015 penetrant
631 2932 664 2995 in
688 2951 758 2995 eum
782 2931 931 3012 contagia
955 2932 1077 2995 morbi:

156 3063 233 3110 ‘nam
257 3046 348 3111 dolor
370 3067 408 3110 ac
431 3047 561 3110 morbus
583 3047 636 3110 leti
659 3046 833 3112 fabricator
855 3052 1039 3127 uterquest;

160 3160 328 3225 multorum
352 3161 448 3224 exitio
471 3160 616 3244 perdocti
637 3160 721 3243 quod
746 3181 855 3226 sumus
878 3168 971 3226 ante.

85 3296 135 3341 4το
162 3275 300 3356 denique
324 3253 397 3350 cor,
414 3274 573 3340 hominem
597 3296 666 3340 cum
690 3276 754 3339 vini
777 3276 825 3340 vis
847 3276 1027 3360 penetravit

160 3391 243 3456 acris
266 3397 297 3455 et
319 3391 352 3453 in
374 3410 474 3455 venas
498 3390 646 3455 discessit
667 3389 785 3455 diditus
808 3392 924 3475 ardor,

161 3507 365 3587 consequitur
386 3506 530 3589 gravitas
552 3505 785 3582 membrorum,
803 3505 1052 3589 praepediuntur
1138 3527 1139 3530 ¹
1226 3515 1229 3518 “

160 3640 252 3684 crura
273 3620 457 3703 vacillanti,
475 3620 628 3686 tardescit
649 3620 779 3703 lingua,
796 3619 904 3684 madet
924 3640 1035 3703 mons,

85 3754 136 3801 480
161 3742 239 3800 nant
262 3735 365 3819 oculi,
383 3737 502 3800 clamor
524 3734 681 3817 singultus
703 3735 807 3819 iurgia
829 3736 985 3817 gliscunt,

161 3919 361 3927 ιιι-Ἣ

164 4041 214 4088 449
232 4038 342 4089 robustis
367 4034 380 4106 Η
406 4041 457 4088 450
476 4039 566 4088 auctor
590 4037 603 4106 ΙΙ
628 4041 679 4089 453
699 4038 769 4088 labat
787 4040 926 4090 omissum.
953 4035 966 4106 Η
990 4040 1040 4088 456
1061 4038 1126 4088 acris
1151 4036 1164 4106 Η
1188 4042 1240 4089 458
1257 4047 1286 4087 nt

166 4128 306 4178 omissum.
322 4124 335 4195 ll
351 4126 442 4175 saetis.
457 4122 470 4191 ΙΙ
485 4129 534 4175 462
545 4128 695 4190 parricidam
711 4124 724 4195 Η
738 4129 789 4176 470
800 4127 879 4175 fatere
894 4124 906 4192 Η
921 4126 1055 4189 47200104
1069 4125 1082 4194 ΙΙ
1098 4130 1255 4176 4742510.
1271 4127 1283 4194 Η

169 4217 220 4265 475
239 4215 271 4264 Et
288 4215 383 4280 pariter
401 4224 510 4263 mentem
528 4215 612 4263 sanari
631 4230 721 4278 corpus
737 4214 825 4264 inani.
847 4211 860 4283 Η
881 4215 931 4262 479
951 4213 1098 4265 vaciliaanti
