2744 4658
159 223 202 289 ao
252 311 255 317 Ι
713 217 729 281 5

84 411 134 458 555
160 389 343 456 distinctum
367 389 516 472 quoniam
539 409 598 455 nec
620 389 750 474 plenum
773 389 898 454 naviter
920 396 1008 456 extat

158 525 218 569 nec
240 525 335 591 porro
359 526 513 582 vacuum,
537 512 610 570 sunt
632 524 709 589 ergo
732 526 867 590 corpora
891 512 996 588 certa,

160 640 244 702 quae
266 621 403 704 spatium
426 622 523 706 pleno
546 621 670 706 possint
692 621 888 703 distinguere
911 621 1030 686 inane.

160 736 241 800 baec
263 756 365 818 neque
388 735 520 802 dissolui
544 736 649 820 plagis
673 737 868 801 extrinsecus
890 736 953 801 ieta

159 858 311 934 possunt,
336 869 394 914 neo
416 872 511 934 porro
535 853 660 935 penitus
682 858 848 935 penetrata
870 851 971 916 retexi

84 984 135 1031 555
160 985 220 1030 555
243 965 366 1030 ratione
390 973 507 1046 queunt
529 967 593 1031 alia
615 974 768 1050 temptata
790 968 920 1043 labare;

159 1079 194 1144 id
216 1081 301 1162 quod
324 1081 387 1145 ianr
409 1101 507 1166 supra
528 1082 585 1145 tibi
607 1083 703 1165 paulo
728 1081 923 1147 ostendimus
945 1086 1039 1145 ante.

160 1216 234 1259 narn
257 1216 360 1278 neque
383 1196 500 1262 conlidi
524 1196 592 1262 sine
615 1196 702 1260 inani
724 1217 821 1280 posse
843 1197 966 1261 videtur

160 1311 328 1392 quiequam
350 1328 410 1376 neo
432 1312 538 1395 frangi
561 1332 619 1377 nec
641 1311 718 1375 findi
742 1313 772 1375 in
796 1312 870 1375 bina
893 1310 1053 1394 secando,

159 1446 219 1490 nec
242 1446 357 1510 capere
380 1448 522 1491 umorem
546 1447 646 1508 neque
668 1428 742 1491 item
766 1427 926 1492 manabile
953 1426 1054 1509 frigus

84 1562 135 1609 535
160 1562 219 1606 555
240 1542 439 1626 penetralem
462 1541 588 1624 ignem,
613 1541 726 1623 quibus
749 1542 857 1605 ornnia
880 1541 1106 1604 conficiuntur:

160 1661 191 1720 55
214 1676 275 1737 quo
300 1674 446 1737 quaeque
468 1656 572 1736 magis
595 1656 721 1721 cohibet
745 1678 795 1722 res
818 1657 902 1720 intus
924 1656 1041 1730 inane,

160 1776 225 1835 tarn
248 1770 352 1850 magis
376 1770 426 1836 bis
448 1771 542 1836 rebus
566 1772 693 1856 penitus
715 1778 870 1858 temptata
893 1771 1046 1836 labascit.

160 1906 235 1968 ergo
260 1886 287 1952 si
309 1884 413 1951 solida
437 1908 474 1952 ac
496 1888 565 1952 sine
588 1888 673 1953 inani
697 1909 832 1972 corpora
855 1887 957 1972 prima

160 2008 233 2067 sunt
254 2001 299 2065 ita
322 2001 366 2065 uti
389 2002 503 2080 docui,
528 2002 590 2066 sint
613 2003 694 2068 baec
716 2011 847 2069 aeterna
871 2008 1052 2068 necessest.

85 2136 136 2182 5555
160 2124 328 2201 praeterea
350 2116 412 2180 nisi
434 2115 584 2181 materies
607 2124 737 2181 aeterna
759 2119 888 2195 lirisset,

162 2237 237 2296 ante
260 2231 322 2296 bac
345 2230 388 2295 ad
411 2230 508 2292 nilum
531 2231 656 2314 penitus
680 2253 730 2297 res
754 2255 896 2315 qrraeqne
919 2233 1095 2307 redissent,

160 2348 201 2411 515
225 2346 355 2427 niloque
378 2352 490 2410 renata
514 2346 618 2410 forent
639 2367 721 2428 (prae
745 2369 878 2430 eumque
901 2348 1065 2413 videmus.

159 2469 191 2525 at
214 2460 363 2542 quoniam
387 2481 485 2544 supra
507 2461 598 2526 docui
623 2463 669 2526 nil
692 2485 785 2546 posse
809 2464 908 2528 creari

160 2575 199 2640 de
222 2575 285 2639 nilo
310 2595 412 2657 neque
437 2578 521 2658 quod
544 2578 686 2660 genitum
710 2580 821 2643 estad
844 2580 886 2642 511
911 2577 1074 2657 revocari,

85 2713 134 2758 555
161 2710 234 2756 5555
256 2691 424 2756 immortali
447 2692 623 2775 primordia
646 2700 784 2776 corpore·
802 2693 938 2765 debent,

158 2806 291 2872 dissolui
315 2827 376 2888 quo
401 2827 545 2888 quaeque
567 2827 714 2890 supremo
739 2814 881 2888 tempore
908 2802 1051 2887 possint,

158 2923 307 2987 materies
328 2928 362 2985 ut
384 2922 566 3005 subpeditet
589 2922 683 2985 rebus
706 2919 918 3005 reparandis.

158 3044 230 3103 sunt
252 3036 347 3120 igitur
369 3037 474 3102 solida
496 3035 673 3121 primordia
700 3035 925 3121 simplicitate,

158 3171 217 3217 nec
239 3152 362 3217 ratione
386 3158 503 3234 queunt
525 3152 591 3217 alia
614 3157 741 3217 servata
764 3172 822 3237 per
843 3171 955 3215 aevom

83 3289 134 3335 555
159 3287 199 3331 ex
222 3266 343 3332 infinito
367 3267 431 3332 iam
454 3274 598 3352 tempore
622 3289 672 3332 res
696 3286 867 3350 reparare.

201 3383 349 3464 Denique
372 3383 399 3447 si
422 3383 543 3447 nullam
566 3383 660 3447 tinent
683 3390 796 3446 natura
819 3387 967 3466 parasset

158 3497 346 3578 frangendis
370 3499 482 3582 rebus,
507 3500 570 3562 iam
593 3519 727 3583 corpora
750 3497 898 3561 materiai
927 3522 934 3535 5

157 3633 258 3695 nsque
281 3612 411 3677 redacta
433 3615 537 3678 forent
557 3634 637 3678 aevo
662 3614 828 3694 liangente
849 3612 974 3696 priore,

157 3737 190 3790 nt
212 3728 258 3792 nil
281 3749 320 3792 ex
342 3727 408 3792 illis
431 3748 451 3792 a
473 3736 559 3793 certo
583 3736 726 3812 tempore
749 3735 859 3812 posset

82 3864 132 3909 555
158 3850 346 3928 conceptum
368 3864 492 3909 summa
513 3844 628 3909 aetatis
650 3844 825 3927 pervadere
848 3841 940 3906 linis.

160 4000 361 4018 ——ss—-—-

158 4116 207 4161 oct
229 4127 311 4175 poena
332 4107 344 4178 ss
365 4111 453 4159 inani.
474 4107 487 4177 Η
508 4113 558 4159 533
578 4112 650 4160 fundi
672 4108 685 4178 ΙΙ
706 4114 756 4159 542
776 4118 849 4158 ronta
869 4107 882 4175 ΙΙ
907 4112 957 4156 oba
977 4109 1114 4156 rnateriae.
1137 4106 1149 4175 Η
1174 4110 1223 4156 553
1244 4106 1282 4153 fo-

158 4212 215 4246 rent
236 4197 247 4264 ΙΙ
270 4202 320 4247 [abb
339 4214 464 4246 summum
