2744 4658
124 260 204 344 λ58
705 256 735 333 11

85 448 135 496 535
162 430 261 493 multa
283 430 357 494 lieet
378 449 496 513 genere
518 447 589 493 esse
612 428 644 492 iu
669 448 707 492 oo
731 446 957 510 numerumque
981 427 1116 512 repleri3

161 544 241 608 sieut
264 543 491 627 quadripedum
516 542 718 634 cumprimis
742 562 813 606 esse
835 543 979 606 videmus

161 658 194 722 in
216 677 334 740 genere
357 658 566 738 anguimanus
590 657 798 741 elephantos,
816 657 907 721 India
930 677 1060 738 quorum
1126 732 1127 736 Ἰ

160 773 288 838 milibus
312 792 329 836 e
352 773 460 836 multis
482 772 567 836 vallo
591 774 730 836 munitur
751 772 890 855 eburno,

160 893 193 951 ut
216 886 343 971 penitus
368 893 505 968 nequeat
527 889 709 971 penetrari:
728 893 818 950 tanta
840 887 976 950 ferarum

86 1022 136 1069 540
162 1003 209 1067 vis
233 1009 300 1079 est;
317 994 448 1084 quarum
471 1023 530 1067 nos
552 1022 717 1088 perpauca
740 1005 887 1086 exempla
909 1003 1075 1066 videmus.

160 1116 218 1182 sed
240 1121 347 1181 tamen
370 1117 402 1178 id
426 1136 551 1198 quoque
574 1117 619 1180 uti
643 1117 837 1201 concedam,
856 1139 950 1200 quam
973 1117 1060 1181 lubet
1082 1120 1151 1179 esto

159 1231 254 1295 unica
276 1251 328 1295 res
351 1232 506 1312 quaedam
530 1233 638 1296 nativo
662 1251 796 1315 empore
820 1233 909 1314 sola,
936 1258 940 1264 ¹

160 1344 207 1408 cni
232 1345 345 1409 similis
367 1352 434 1410 toto
456 1352 609 1410 terrarum
633 1347 721 1410 nulla
743 1348 784 1411 sit
807 1347 897 1410 orbi:

160 1456 283 1522 infinita
306 1465 411 1523 tamen
435 1461 494 1524 nisi
519 1462 578 1524 erit
600 1463 650 1525 vis
672 1462 836 1541 materiai,

85 1595 135 1640 545
163 1574 309 1642 undeea
330 1575 479 1656 progigni
502 1577 603 1659 possit
626 1582 799 1658 concepta,
817 1575 921 1639 creari
1176 1657 1180 1665 Ι

158 1708 222 1752 000
245 1689 380 1771 polerit,
398 1708 522 1771 neque,
540 1691 624 1770 quod
649 1710 744 1773 super
767 1695 837 1772 est,
854 1708 1058 1773 procrescere
1081 1688 1208 1771 alique.

160 1802 278 1885 quippe
302 1803 416 1868 etenim
441 1804 467 1867 si
492 1806 679 1870 mantiouler
702 1805 789 1867 finita
810 1824 869 1888 per
893 1825 985 1868 omne

160 1937 296 2000 corpora
317 1919 430 1983 iactari
455 1921 547 1984 unius
569 1922 724 2003 genitalia
746 1920 814 1997 rei,

156 2033 242 2096 unde
265 2035 317 2096 ubi
343 2036 457 2115 quavi
481 2043 511 2098 et
535 2057 595 2116 quo
620 2042 713 2118 paeto
737 2055 912 2115 congressa
935 2035 1064 2098 coibunt

83 2168 133 2214 550
159 2149 312 2212 materiae
336 2155 424 2212 lanto
448 2150 481 2212 in
503 2151 621 2232 pelago
644 2150 801 2229 turbaque
825 2149 959 2212 aliena?

160 2283 243 2345 non,
261 2271 294 2326 ut
317 2264 449 2346 opinor,
467 2264 586 2328 habent
609 2266 761 2328 rationem
785 2264 996 2327 conciliandi:

158 2376 216 2442 sed
239 2378 328 2458 quasi
351 2379 528 2459 naufragiis
552 2379 679 2459 magnis
701 2379 872 2459 multisque
895 2378 1013 2442 coortis

160 2491 329 2556 disiectare
353 2492 435 2557 solet
458 2514 606 2574 magnum
630 2513 718 2557 mare
740 2500 897 2576 transtra,
914 2495 1079 2575 guberna,

159 2613 347 2689 antemnas,
364 2611 490 2690 proram
505 2659 512 2685 ‚
530 2608 654 2689 malos,
671 2616 844 2689 tonsasque
867 2609 1024 2692 natantis,

84 2744 134 2790 555
159 2743 217 2806 per
239 2729 392 2786 terrarum
416 2722 519 2787 omnis
542 2744 616 2787 oras
637 2723 793 2787 fluitantia
817 2723 960 2805 aplustra

159 2844 193 2900 ut
215 2836 382 2902 videantur
405 2843 435 2901 et
456 2838 609 2901 indicium
631 2839 816 2901 mortalibus
840 2838 955 2911 edant,

159 2952 247 3016 infidi
270 2951 367 3015 maris
390 2952 525 3016 insidias
547 2953 687 3032 virisque
710 2952 882 3033 dolumque

160 3073 193 3129 ut
215 3067 316 3130 vitare
339 3064 457 3148 velint,
475 3083 554 3128 neve
577 3066 643 3130 ullo
665 3072 809 3149 tempore
833 3066 985 3148 credant,

160 3180 297 3244 subdola
320 3200 389 3243 eum
411 3178 493 3242 ridet
515 3179 635 3263 placidi
658 3181 797 3263 pellacia
818 3182 927 3264 ponti,

83 3316 134 3362 560
160 3295 205 3359 sie
227 3294 285 3358 tibi
309 3295 334 3357 si
358 3294 447 3358 finita
471 3296 570 3359 semel
592 3294 769 3378 primordia
792 3296 951 3375 quaedam

160 3409 351 3485 constitues,
370 3429 481 3473 aevom
505 3409 665 3474 debebunt
688 3429 802 3493 sparsa
824 3430 880 3492 per
904 3430 1029 3474 omnem

160 3522 329 3588 disiectare
351 3529 458 3588 aestus
482 3524 598 3587 diversi
621 3524 788 3606 materiai,

159 3658 331 3720 numquam
353 3638 387 3700 in
409 3639 576 3702 concilium
599 3645 633 3701 ut
655 3639 777 3722 possint
799 3640 962 3723 compulsa
985 3639 1072 3704 coire

158 3771 220 3816 nee
242 3751 397 3816 remorari
418 3754 450 3816 iu
474 3753 608 3818 coneilio
633 3774 691 3818 neo
713 3774 857 3819 creseere
880 3755 1036 3834 adaucta3

84 3885 135 3932 505
161 3886 293 3948 quorum
316 3873 482 3950 utrumque
504 3869 614 3951 palam
637 3868 706 3933 fieri
729 3868 899 3933 manifesta
922 3869 1015 3932 donet
1036 3888 1108 3944 res,

164 4134 214 4182 535
228 4148 321 4196 genera
341 4131 354 4198 Η
376 4135 426 4181 536
440 4132 532 4184 Sicuti
548 4133 561 4199 ΙΙ
576 4138 625 4184 541
641 4135 727 4185 iubet.
749 4132 761 4203 ll
782 4137 832 4184 543
845 4135 917 4183 nulla
928 4136 1067 4185 omissum.
1089 4131 1103 4204 {l
1123 4137 1172 4186 547
1186 4144 1289 4186 sumant

164 4221 232 4269 oculi
253 4218 266 4288 ll
288 4222 338 4270 553
357 4235 481 4269 caverna.
503 4222 515 4288 ll
536 4224 587 4271 554
605 4237 706 4285 prorem
725 4220 738 4289 d
760 4223 810 4270 555
828 4222 957 4285 plaustra.
980 4218 993 4289 Η
1014 4225 1064 4272 560
1083 4223 1183 4271 infinita
