2678 4658
656 255 684 318 V

118 422 249 488 arridere
273 442 314 488 ex
338 443 402 488 una
426 425 562 489 scintilla
586 425 738 490 incendia
760 427 901 509 passim.

67 554 100 602 oro
118 534 239 603 forsitan
263 558 281 605 e
303 560 399 605 rosea
422 541 471 605 sol
494 542 558 604 alte
582 540 733 624 lampade
755 542 866 607 lucens

114 651 266 736 possideat
288 655 421 719 multum
444 657 550 721 caeeis
573 655 752 722 fervoribus
774 658 881 738 ignem

114 768 220 832 circum
243 787 300 846 se,
316 770 403 836 nullo
428 772 482 853 qui
505 772 546 836 sit
568 771 695 854 fulgore
717 777 866 856 notatus,

111 882 231 948 aestifer
253 889 290 947 ut
310 890 434 950 tantum
457 887 617 951 radiorum
642 893 803 968 exaugeat
826 887 941 952 ictum.

141 999 207 1063 Neo
229 999 312 1064 ratio
337 1000 413 1067 solis
436 1001 571 1084 simplex
594 1001 710 1066 rellata
733 1002 885 1085 patescit,

61 1126 90 1176 eu
109 1133 163 1194 quo
186 1120 281 1197 pacto
305 1116 436 1181 aestivis
460 1137 476 1181 e
500 1117 643 1200 partibus
666 1117 868 1198 aegocerotis

107 1227 256 1294 bmmalis
278 1231 378 1296 adeat
399 1231 502 1297 flexus
527 1239 622 1315 atque
644 1231 719 1296 inde
744 1238 906 1297 revertens

105 1344 206 1408 cancri
231 1363 268 1410 se
293 1351 327 1410 ut
347 1352 452 1412 vertat
474 1353 578 1412 metas
601 1348 643 1412 ad
665 1345 860 1430 solstitialis,

102 1457 240 1541 lunaque
262 1461 427 1528 mensibus
448 1461 483 1526 id
505 1463 643 1548 spatium
666 1462 813 1527 videatur
836 1462 944 1547 obire,

100 1592 206 1638 annua
230 1574 280 1640 sol
302 1575 336 1639 in
359 1596 421 1659 quo
444 1578 601 1642 consumit
623 1583 769 1661 tempora
791 1596 906 1642 cursu.

58 1703 82 1751 ro
99 1708 182 1774 non,
198 1688 356 1771 inquam,
373 1692 508 1778 simplex
532 1693 581 1758 his
604 1693 699 1756 rebus
722 1691 847 1756 reddita
870 1700 1017 1758 causast.

99 1824 171 1869 ram
193 1805 266 1870 fieri
289 1805 340 1872 rel
365 1808 569 1892 cumprimis
592 1808 624 1872 id
648 1827 743 1890 posse
765 1805 906 1887 videtur,

102 1918 278 1985 llem'oeriti
302 1923 388 2005 quod
411 1929 522 1988 sancta
545 1924 605 1988 viri
627 1922 783 1988 sententia
807 1920 915 2004 ponit,

109 2041 220 2114 quanto
246 2056 395 2119 quaeque
418 2040 522 2133 magis
545 2040 607 2104 sint
628 2043 746 2102 terram
770 2035 876 2100 sidera
899 2043 1048 2122 propter,

101 2153 183 2217 tanto
209 2169 310 2234 posse
334 2152 437 2218 minus
461 2174 531 2220 cum
557 2153 639 2220 caeli
663 2151 788 2216 turbine
812 2149 910 2215 ferri:

57 2279 300 2332 recrudescere
324 2268 408 2333 euim
429 2266 559 2354 rapidas
582 2271 668 2335 illius
692 2273 722 2332 et
744 2266 829 2331 acris

98 2378 246 2445 imminui
269 2388 379 2467 supter
401 2384 497 2465 viris,
514 2387 652 2468 ideoque
675 2383 809 2465 relinqui

98 2495 258 2577 paulatim
282 2496 382 2562 solem
406 2518 475 2563 cum
499 2498 720 2583 posterioribu’
746 2498 865 2582 signis,

100 2607 237 2675 inferior
258 2613 356 2677 multo
381 2615 465 2695 quod
488 2615 529 2680 sit
551 2634 646 2697 quarn
669 2612 794 2677 fervida
818 2614 929 2698 signa.

101 2728 132 2787 et
156 2724 263 2805 magis
285 2724 346 2792 hoc
368 2728 475 2793 lunam
490 2753 497 2793 :
515 2737 633 2811 quanto
658 2728 826 2793 demissior
848 2729 916 2791 eius

57 2854 80 2902 ro
102 2842 216 2904 'cursus
239 2840 336 2907 abest·
351 2840 464 2926 procul
486 2861 506 2906 a
529 2842 619 2907 caelo
643 2842 799 2924 terrisque
821 2843 1036 2926 propinquat,

101 2959 190 3020 tanto
215 2975 312 3040 posse
335 2957 439 3023 minus
462 2977 532 3022 cum
557 2957 658 3041 signis
680 2957 812 3022 tendere
836 2977 983 3023 cursum.

101 3067 286 3136 flaccidiore
308 3070 425 3137 etenim
449 3079 567 3154 quanto
591 3073 657 3136 ianr
679 3073 804 3137 turbine
827 3071 928 3138 fertur

103 3182 241 3250 inferior
263 3206 359 3268 quam
381 3186 431 3251 sol
445 3236 453 3270 ,
468 3192 558 3251 tanto
582 3187 686 3270 magis
709 3188 816 3251 omnia
840 3187 933 3270 signa

103 3297 189 3364 hanc
210 3299 431 3384 adipiscuntur
452 3302 590 3386 circum,
606 3307 799 3385 praeterque
821 3304 984 3367 feruntur.

57 3430 86 3477 eo
106 3422 281 3499 propterea
302 3415 338 3478 fit
360 3415 495 3495 utlraec
518 3416 559 3481 sd
583 3418 708 3498 signum
733 3417 883 3500 quodque
905 3420 1021 3484 reverti

104 3528 254 3595 mobilius
278 3529 441 3614 videatur,
459 3532 502 3595 ad
526 3533 608 3597 hanc
631 3532 708 3614 quia
731 3533 825 3614 signa
848 3534 1011 3598 revisunt.

104 3643 138 3709 lit
159 3664 288 3727 quoque
313 3650 347 3709 ut
368 3664 387 3711 e
409 3647 518 3711 mundi
541 3647 733 3712 transversis
755 3650 898 3730 partibus
922 3657 975 3715 ae'r

104 3758 234 3824 alternis
257 3765 343 3825 certo
367 3759 466 3826 liuere
488 3762 570 3827 alter
593 3767 735 3846 tempore
758 3762 880 3846 possit,

105 3874 156 3955 qui
178 3852 278 3958 quest
299 3874 432 3942 aestivis
454 3878 553 3944 solem
578 3877 749 3943 detrudere
772 3877 873 3961 signis

57 4001 86 4048 'oo
105 3986 260 4055 brumalis
283 4009 388 4072 usque
411 3993 453 4057 ad
476 3992 577 4057 flexus
599 3991 804 4074 gelidumque
827 3992 987 4072 rigorem,

109 4232 156 4281 lilll
172 4242 199 4285 et
216 4235 229 4303 jj
252 4235 306 4284 618
325 4231 467 4283 Aestifcriu
487 4235 499 4303 Η
521 4238 572 4284 614
591 4244 659 4285 recta
679 4232 692 4303 Η
714 4237 762 4283 el?
784 4234 903 4284 Canceris
923 4246 949 4284 ut
969 4234 982 4302 Η
1003 4237 1051 4283 632
1072 4233 1147 4281 etiam

992 4340 1028 4398 12
