2744 4658
166 235 226 298 198
717 222 743 286 V

167 398 309 464 horribili
332 398 438 463 souitu
462 396 561 460 silvas
585 393 739 459 exederat
761 393 834 459 altis

168 513 210 578 ab
234 512 397 578 radicibus
420 517 451 576 et
473 517 588 575 terram
611 516 799 594 percoxerat
820 508 907 593 igni,

85 649 151 696 1221
169 629 320 693 manabat
342 627 432 692 venis
454 625 654 692 ferventibus
675 625 709 689 in
731 626 804 689 loca
827 633 932 690 terrac

169 764 312 810 concava
334 741 529 808 conveniens
552 740 678 823 argenti
699 740 784 806 rivus
807 746 838 805 et
861 742 951 815 auri,

171 860 255 926 aeris
277 862 351 923 item
376 864 406 922 21
427 857 569 941 plumbi.
587 874 670 938 quae
695 875 766 918 oum
789 863 938 921 concreta
961 856 1116 921 videbant

171 976 331 1061 posterius
354 974 442 1039 claro
466 973 605 1037 interra
629 970 802 1057 splendere
826 972 953 1055 colore,

170 1091 325 1155 tollebant
347 1088 446 1153 nitido
471 1088 554 1172 capti
577 1088 704 1169 levique
726 1087 859 1171 lepore,

87 1229 154 1275 1222
171 1214 202 1272 21
225 1206 320 1270 simili
343 1205 476 1270 formata
499 1201 652 1268 videbant
675 1220 746 1266 esse
769 1200 869 1284 figura

170 1329 266 1403 atque
289 1322 476 1385 lacunarum
500 1319 622 1383 suerant
644 1317 780 1400 vestigia
803 1319 938 1401 cuique.

172 1446 237 1501 tum
260 1437 452 1519 penetrabat
476 1455 532 1499 eos
554 1455 651 1520 posse
674 1434 753 1499 baec
776 1432 952 1515 liquefacta
976 1434 1082 1497 calore

172 1571 267 1634 quarn
290 1552 369 1616 libet
390 1552 423 1613 111
448 1550 585 1615 formam
608 1557 640 1614 et
661 1549 778 1615 faciem
801 1550 968 1614 decurrere
990 1566 1117 1632 rerum,

171 1672 203 1732 et
226 1686 371 1750 prorsum
396 1665 543 1747 quamvis
565 1664 598 1728 in
620 1669 714 1729 acuta
736 1684 776 1729 ac
798 1664 908 1728 tenvia
930 1682 1027 1746 posse

89 1802 155 1848 1225
173 1801 358 1846 mucronum
382 1779 455 1845 duci
477 1778 610 1861 fastigia
631 1778 861 1864 procudendo‚

172 1903 206 1960 ut
228 1897 288 1960 sibi
311 1897 377 1960 tela
400 1896 535 1972 darent,
553 1895 716 1976 silvasque
739 1902 773 1959 nt
794 1896 931 1960 caedere
955 1902 1090 1980 possent

173 2014 402 2095 materiemque
425 2012 520 2077 domo
533 2061 541 2096 ,
556 2012 666 2076 levare
690 2031 729 2077 ac
751 2010 867 2075 radere
890 2011 979 2094 tigna

173 2129 387 2193 211212111212
409 2128 506 2192 etiam
529 2147 568 2192 ac
588 2127 779 2209 pertundere
801 2146 923 2211 perque
946 2127 1075 2193 forare.

175 2262 232 2307 nec
256 2243 359 2307 minus
383 2248 517 2323 argento
540 2241 643 2307 facere
666 2240 747 2306 haec
770 2262 912 2324 auroque
934 2242 1094 2328 parabant

91 2378 270 2440 1212112211
293 2355 391 2420 validi
413 2356 550 2441 primum
572 2357 721 2423 violentis
743 2357 863 2423 viribus
886 2359 991 2434 aeris,

175 2493 215 2538 ne
239 2475 410 2555 quiquam,
428 2474 580 2557 quoniam
605 2473 739 2540 cedebat
761 2475 845 2540 victa
867 2480 1009 2561 potestas

174 2610 233 2654 nec
255 2596 381 2675 poterat
402 2590 522 2676 pariter
544 2592 658 2655 durum
682 2591 814 2656 sufferre
837 2592 1002 2656 laborem.

175 2711 241 2768 tum
265 2704 324 2769 fnit
346 2706 378 2770 in
401 2706 505 2790 pretio
527 2707 632 2792 magis
656 2725 732 2780 aes,
749 2725 927 2788 aurumque
949 2707 1075 2771 iacebat

175 2827 304 2905 propter
325 2822 526 2888 inutilitatem
549 2824 657 2889 hebeti
679 2843 830 2889 mucrone
853 2830 1015 2888 retusum:

92 2958 260 3006 1211112112
283 2937 368 3003 iacet
390 2958 467 3022 aes,
484 2958 596 3002 aurum
618 2940 651 3002 in
675 2959 832 3004 summum
854 2940 1008 3004 successit
1031 2940 1207 3007 bonorem.

175 3055 222 3120 sic
242 3052 402 3119 volvenda
424 3059 515 3119 aetas
540 3060 710 3118 commutat
732 3061 876 3140 tempora
898 3075 1025 3118 rerum.

178 3170 263 3251 qnod
281 3168 345 3234 fnit
367 3169 399 3231 in
423 3168 544 3253 pretio,
562 3168 596 3233 lit
616 3170 704 3234 nullo
728 3170 867 3252 denique
887 3169 1030 3234 bonore:

174 3304 269 3368 porro
293 3283 375 3347 aliut
396 3282 541 3348 succedit
562 3292 594 3348 et
616 3304 635 3349 e
657 3285 889 3370 contemptibus
912 3286 996 3362 21111,

174 3399 272 3481 inque
294 3399 364 3463 dies
387 3399 492 3480 magis
515 3398 678 3483 adpetitur
698 3399 852 3482 floretque
874 3408 1034 3485 repertum

93 3533 161 3580 1222
178 3513 328 3579 laudibus
351 3520 382 3578 21
404 3515 483 3579 miro
507 3519 556 3578 est
578 3515 723 3581 mortalis
746 3516 828 3580 inter
852 3517 992 3580 bonore.

214 3630 306 3696 Nunc
329 3630 385 3693 tibi
409 3650 471 3713 quo
494 3636 590 3714 pacto
613 3629 688 3695 ferri
713 3639 826 3695 natura
846 3636 974 3716 reperta

176 3745 216 3810 sit
238 3743 366 3812 facilest
386 3747 447 3829 ipsi
469 3751 581 3830 perte
604 3765 820 3831 cognoscere,
837 3746 985 3812 Memmi.

179 4050 246 4098 1253
265 4049 364 4097 sonitus
384 4045 396 4114 11
419 4050 486 4098 1254
504 4050 528 4098 A
549 4046 562 4117 11
585 4053 651 4100 12511
671 4053 739 4101 venit
759 4050 771 4118 11
795 4055 958 4103 1258121122
979 4048 992 4118 11
1015 4053 1080 4101 1259
1100 4054 1179 4117 capiti
1201 4052 1214 4123 11
1237 4059 1304 4107 1260

178 4136 280 4184 videbat
304 4136 317 4203 11
345 4138 520 4201 1266121221
540 4136 553 4204 11
574 4148 599 4187 21
619 4136 631 4205 11
651 4141 763 4203 possint.
785 4137 797 4207 11
821 4144 886 4189 1267
907 4140 1006 4190 (1212121
1023 4141 1107 4189 levare
1130 4138 1144 4209 11
1171 4145 1239 4193 1272
1259 4160 1305 4209 po·

178 4232 261 4273 terant
280 4221 293 4290 11
315 4223 511 4274 1273112111121
527 4222 539 4290 11
554 4240 595 4275 aes
609 4228 748 4277 2211122111.
763 4225 776 4295 11
793 4229 860 4277 1218
873 4242 887 4276 2
900 4229 1038 4279 omissum.
1054 4226 1067 4295 11
1083 4230 1151 4279 1280
1163 4229 1306 4283 claudibus
