2744 4658
696 261 739 324 VI

154 431 276 496 fumida
300 451 369 494 cum
395 432 477 496 caeli
501 432 676 497 scintillare
700 434 808 497 omnia
832 437 952 520 templa
1031 456 1035 464 ·

79 570 129 618 045
155 552 323 612 cernentes
345 547 462 629 pavida
486 547 690 631 complebant
712 554 843 631 pectora
866 572 960 629 cura,

155 661 233 745 quid
257 661 419 727 moliretur
441 683 543 726 rerum
570 668 682 726 natura
703 686 879 744 nouarum.

194 777 290 841 Hisce
312 776 369 841 tibi
394 778 425 840 in
449 778 544 842 rebus
566 777 661 842 latest
684 780 813 861 alteque
836 780 1008 845 videndum

154 899 187 958 et
211 894 308 974 longe
332 900 462 957 cunctas
485 893 517 956 in
540 893 641 977 partis
665 893 920 978 dispiciendum,

154 1015 189 1072 ut
210 1008 425 1073 reminiscaris
449 1029 604 1073 summam
629 1029 734 1074 rerum
759 1029 831 1075 5555
855 1011 1065 1094 profundam,

77 1146 128 1192 550
155 1131 185 1188 55
206 1123 318 1187 videas
342 1123 466 1188 caelum
490 1125 624 1188 summai
647 1125 742 1190 totius
766 1146 864 1189 unum

154 1260 246 1321 quam
271 1240 312 1303 sit
333 1239 469 1323 parvula
492 1260 568 1322 pars
591 1246 623 1303 et
646 1261 740 1321 quam
764 1240 944 1304 multesima
969 1250 1110 1317 constet,

153 1373 213 1419 nec
235 1360 301 1418 tota
324 1375 421 1438 pars,
438 1354 533 1418 homo
556 1355 651 1419 terrai
677 1360 776 1435 quota
799 1356 895 1420 totius
919 1377 1022 1422 unus.

154 1470 240 1552 quod
263 1446 344 1534 bene
367 1470 566 1552 propositum
589 1470 615 1533 si
639 1470 736 1552 plane
759 1476 931 1536 contueare

153 1605 192 1650 ac
214 1586 327 1650 videas
349 1586 467 1670 plane,
484 1585 588 1649 mirari
614 1585 712 1648 multa
736 1585 919 1666 relinquas.

77 1721 126 1767 555
153 1701 302 1783 numquis
326 1702 408 1766 enim
434 1709 573 1765 nostrum
598 1701 749 1783 miratur,
767 1700 867 1782 siquis
889 1701 921 1764 in
945 1709 1030 1767 artus

151 1816 275 1900 accepit
297 1816 400 1881 calido
423 1815 537 1880 febrim
560 1816 684 1880 fervore
708 1823 849 1881 coortam

151 1937 206 1994 555
228 1931 325 1995 alium
349 1931 493 2012 quemvis
517 1931 619 1995 morbi
642 1949 700 2014 per
723 1933 864 1996 membra
887 1933 1060 1997 dolorem?

152 2048 345 2130 opturgescit
368 2047 452 2111 enim
476 2046 581 2110 subito
604 2066 682 2130 pes,
700 2047 810 2130 arripit
832 2069 908 2113 acer

151 2180 250 2244 saepo
274 2161 366 2225 dolor
388 2164 519 2245 (555555,
537 2163 647 2227 005105
670 2162 791 2226 invadit
813 2164 846 2226 in
869 2164 979 2247 ipsos,

74 2296 124 2342 000
151 2276 257 2341 existit
279 2296 369 2342 55055
392 2279 474 2362 ignis
498 2286 529 2341 55
550 2277 613 2341 5555
635 2297 769 2359 corpore
793 2298 925 2361 serpens

152 2412 245 2474 qnam
270 2413 403 2473 cumque
427 2393 561 2476 arripuit
583 2393 694 2475 partim
710 2442 716 2475 ‚
734 2393 879 2475 repitque
901 2414 957 2478 per
980 2401 1086 2477 55555,

151 2507 181 2570 55
207 2507 338 2583 mirum,
356 2509 432 2590 quia
454 2513 526 2573 5555
548 2507 717 2571 5555555555
742 2507 865 2571 5555555
888 2529 1015 2591 rerum,

152 2628 184 2686 55
206 2623 284 2687 55555
307 2623 387 2688 hacc
409 2624 505 2688 tellus
529 2622 598 2687 orbi
621 2623 810 2703 caelumque
833 2622 907 2685 mali
931 2622 1013 2706 fert,

150 2736 236 2802 unde
260 2745 357 2820 queat
378 2737 427 2802 vis
449 2738 594 2803 immensi
620 2757 822 2821 procrescere
847 2738 968 2802 morbi.

71 2873 125 2920 005
151 2852 197 2917 550
219 2853 315 2934 igitur
337 2853 393 2917 toti
419 2854 507 2919 caelo
531 2860 696 2935 terraeque
719 2853 927 2937 putandumst

150 2987 190 3030 ex
212 2967 337 3032 infinito
361 2969 441 3032 satis
464 2969 571 3031 omnia
595 2968 834 3052 suppeditare‚'

151 3081 237 3146 unde
261 3090 392 3166 repente
416 3088 514 3164 queat
535 3082 630 3146 tellus
654 3103 811 3148 concussa
833 3084 952 3147 moveri

150 3218 270 3283 perque
293 3218 383 3263 mare
407 3218 446 3262 ac
468 3205 569 3263 terras
592 3197 725 3281 rapidus
748 3217 931 3282 percurrere
955 3199 1069 3272 turbo,

149 3312 236 3394 ignis
259 3313 424 3378 abundare
446 3314 608 3378 Aetnaeus
622 3365 628 3390 ‚
644 3312 861 3377 flammescere
884 3314 1029 3378 caelum:

74 3449 126 3496 cro
151 3427 185 3492 id
209 3449 337 3511 quoque
360 3429 444 3494 enim
467 3428 521 3511 fit,
539 3435 571 3492 et
593 3427 766 3491 ardescunt
789 3426 940 3491 caelestia
962 3426 1100 3510 templa,

152 3548 184 3609 55
205 3549 411 3629 tempestates
433 3542 562 3628 pluviae
586 3542 733 3625 grauiore
756 3548 866 3608 coortu

150 3665 244 3738 5555,
262 3659 316 3724 nbi
339 3658 421 3725 forte
444 3657 490 3721 ita
511 3677 546 3723 se
568 3659 738 3723 tetulerunt
760 3656 881 3722 semina
903 3677 1080 3737 aquarum.

145 3770 195 3840 ‘at
217 3773 311 3840 555555
333 3782 381 3839 555
403 3774 518 3855 ingens
539 3772 669 3838 incendi
692 3771 837 3837 turbidus
860 3767 980 3836 ardor?

149 3890 291 3968 scilicet,
307 3896 339 3954 et
360 3889 474 3954 fluvius
496 3888 602 3970 quivis
624 3895 673 3953 est
695 3887 853 3953 maximus
877 3885 906 3949 ei

153 4168 203 4215 648
217 4164 425 4228 despiciendum.
442 4161 455 4230 Η
476 4166 525 4212 653
539 4161 683 4226 propositus
704 4155 716 4226 Η
737 4160 806 4223 plani
828 4158 841 4227 Η
863 4164 912 4212 658
927 4160 1087 4212 Obtorcoscit
1106 4156 1119 4228 Η
1141 4161 1191 4208 662
1205 4159 1247 4221 qui
1262 4156 1276 4227 Η

153 4257 203 4309 5553
224 4251 306 4300 morbi
328 4248 341 4321 ΙΙ
363 4254 412 4299 eet
433 4266 557 4300 concusso
578 4256 591 4321 ΙΙ
614 4253 664 4299 (ite
683 4249 726 4315 qui
746 4249 813 4297 visus

1013 4342 1077 4418 15*
