2744 4658
173 239 258 324 roe¹
717 234 744 300 v

96 428 145 475 517
171 414 220 473 est
242 407 339 473 etiam
362 427 489 491 quoque
510 409 555 474 uti
578 407 679 492 possit
701 409 825 475 caelum
847 427 942 474 omne
962 427 1094 474 manere

170 523 203 586 in
225 523 382 602 statione,
398 531 506 589 tamen
528 542 598 588 curn
621 521 729 588 lucida
750 523 845 605 signa
867 521 1029 607 ferantur;

169 637 235 702 sive
258 636 344 719 quod
365 638 478 703 inclusi
499 636 605 722 rapidi
628 642 701 702 sunt
724 636 865 702 aetheris
887 644 1017 721 aestus,

94 771 145 818 555
171 756 424 834 quaerentesque
445 752 531 816 viam
555 752 668 817 circum
691 758 858 817 versantur
879 758 911 818 et
932 752 1024 836 ignes

170 866 288 949 passim
310 885 369 950 per
392 866 474 932 caeli
496 867 627 931 volvunt
648 867 802 931 immania
824 867 964 951 templa;

170 980 237 1045 sive
259 979 388 1045 aliunde
410 980 511 1047 fluens
533 980 681 1046 alicunde
705 981 901 1047 extrinsecus
923 988 978 1046 555

169 1101 276 1161 versat
299 1113 401 1176 agens
422 1095 535 1180 ignes3
552 1097 618 1162 sive
639 1097 700 1180 ipsi
724 1115 853 1180 serpere
875 1101 1009 1180 possunt

169 1230 231 1292 qno
254 1208 407 1290 cuiusque
430 1210 519 1275 cibus
541 1216 635 1276 vocat
657 1217 752 1292 atque
774 1211 886 1275 invitat
908 1211 1050 1294 arentis,

95 1344 145 1390 525
168 1322 318 1389 flammea
339 1345 396 1408 per
418 1326 541 1390 caelum
563 1326 725 1410 pascentis
747 1325 1044 1410 corporapassim.

169 1458 243 1503 nam
267 1439 342 1520 quid
365 1440 399 1504 in
421 1440 481 1504 hoc
503 1439 622 1503 mundo
645 1440 687 1504 sit
708 1461 817 1504 eorum
838 1459 957 1524 ponere
982 1445 1103 1504 certum

171 1551 301 1618 difficile
324 1560 391 1618 est:
408 1554 465 1619 sed
487 1553 561 1637 quid
584 1555 685 1638 possit
706 1554 826 1637 fiatque
846 1573 906 1638 per
928 1573 1021 1619 omne

169 1667 202 1730 in
220 1668 317 1733 variis
339 1667 465 1734 mundis
486 1669 579 1733 varia
600 1669 724 1734 ratione
746 1669 881 1753 creatis,

169 1781 202 1845 id
225 1780 345 1867 doceo,
361 1783 527 1867 plurisque
550 1802 666 1866 sequor
688 1783 859 1868 disponere
881 1801 1016 1866 causas,

94 1916 145 1963 555
170 1898 306 1963 motibus
328 1905 486 1963 astrorum
508 1917 591 1981 qnae
613 1898 739 1983 possint
762 1917 833 1964 esse
855 1919 912 1982 per
935 1916 1049 1979 omne;

170 2031 187 2077 e
210 2012 323 2095 quibus
345 2033 410 2076 una
430 2020 539 2079 tamen
561 2013 622 2078 siet
643 2014 723 2079 haec
745 2033 872 2096 quoque
894 2032 992 2078 causa
1013 2015 1196 2096 necessest,

170 2146 252 2208 qnae
274 2134 390 2212 vegeat
411 2133 531 2193 motum
554 2128 672 2212 signis:
689 2128 747 2191 sed
769 2147 855 2210 quae
876 2126 918 2192 sit
939 2145 1050 2190 earum

169 2242 355 2325 praecipere
378 2240 455 2305 haut
477 2247 670 2323 quaquamst
690 2240 896 2326 pedetemtim
918 2238 1198 2328 progredientis]

208 2359 372 2437 Terraque
394 2356 481 2420 utin
504 2355 612 2420 media
636 2355 743 2420 mundi
765 2356 897 2438 regione
920 2354 1088 2438 quiescat,

96 2488 145 2536 555
172 2489 365 2535 evanescere
386 2471 542 2554 paulatim
564 2477 596 2536 et
617 2472 803 2537 decrescere
824 2469 952 2556 pondus

172 2585 338 2663 convenit,
355 2590 451 2667 atque
474 2586 573 2651 aliam
595 2593 742 2650 naturam
766 2592 874 2671 supter
895 2585 1037 2668 habere,

171 2717 211 2762 ex
232 2699 361 2764 ineunte
383 2720 462 2766 aevo
486 2696 687 2766 coniunctam
710 2708 805 2791 atque
827 2702 931 2765 uniter
953 2707 1061 2784 aptam

170 2815 315 2897 partibus
337 2816 432 2880 aeriis
455 2815 583 2900 mundi,
601 2817 716 2897 quibus
738 2815 835 2878 insita
858 2815 974 2879 crevit.

172 2937 343 3013 propterea
365 2950 429 2993 non
452 2936 500 2994 est
523 2929 612 2994 oneri
634 2947 738 3011 neque
760 2929 910 3013 deprimit
932 2948 1049 3008 auras;

97 3062 147 3108 545
173 3049 207 3106 ut
229 3063 289 3107 sua
311 3043 424 3124 cuique
447 3043 565 3107 homini
589 3042 676 3107 nulio
700 3049 772 3107 sunt
793 3043 936 3127 pondere
958 3043 1120 3126 membra,

170 3175 230 3219 nec
252 3161 346 3238 capnt
368 3163 416 3221 est
438 3157 528 3222 oneri
552 3159 655 3235 55115,
671 3178 732 3223 555
755 3158 892 3239 denique
914 3163 1014 3222 totum

171 3271 313 3353 corporis
335 3270 368 3334 in
389 3271 527 3355 pedibus
549 3273 674 3355 pondus
698 3273 852 3337 sentimus
874 3274 998 3338 inesse:

171 3389 205 3447 at
229 3404 312 3466 qnae
335 3405 469 3468 cumque
491 3386 568 3450 foris
590 3387 721 3451 veniunt
741 3388 931 3471 inpostaque
954 3387 1048 3451 nobis

170 3499 316 3583 pondera
339 3506 413 3565 sunt
435 3500 587 3584 laedunt,
603 3502 760 3584 permulto
783 3522 881 3586 saepe
903 3503 1049 3566 minora.

96 3634 146 3680 ors
172 3633 273 3696 usqne
295 3617 377 3679 adeo
400 3614 510 3696 magni
532 3613 631 3680 refert
653 3616 730 3696 quid
753 3635 899 3699 quaeque
922 3622 1017 3682 aveat
1037 3634 1111 3680 res.

171 3729 332 3811 sicigitur
355 3730 448 3795 telius
472 3749 535 3794 non
558 3733 607 3794 est
629 3729 735 3795 aliena
756 3738 889 3815 repente

175 3913 376 3920 Ἥ

173 4031 312 4080 51815515
333 4027 346 4096 Η
368 4032 416 4078 521
437 4031 580 4079 summania
600 4027 613 4098 Η
633 4033 684 4079 524
704 4030 802 4080 euntis.
824 4027 837 4098 ΙΙ
857 4032 908 4080 528
928 4031 1023 4082 creati.
1046 4029 1058 4095 Η
1079 4032 1130 4081 530
1143 4047 1262 4081 omnem.
1284 4027 1299 4098 Η

174 4120 223 4168 531
248 4119 281 4166 sit
303 4127 328 4166 et
359 4116 372 4182 ΙΙ
401 4119 451 4165 532
476 4117 561 4180 vigeat
588 4113 600 4184 Η
625 4119 676 4166 533
701 4117 835 4182 pedetemti
860 4119 1049 4181 progredientes
1072 4115 1087 4186 ΙΙ
1113 4121 1164 4168 536
1187 4133 1263 4182 super
1287 4118 1301 4187 Η

175 4207 224 4256 537
245 4205 333 4254 ineunt
352 4201 366 4274 Η
386 4206 436 4253 538
456 4204 534 4252 vivit.
557 4201 571 4272 st
592 4208 641 4253 545
663 4205 732 4267 mugi
753 4205 766 4271 ΙΙ
788 4212 879 4266 quaest
