2744 4658
163 247 223 312 182
594 299 597 304 .
709 238 735 302 V

158 418 320 477 menstrua
343 411 415 474 dum
440 407 561 492 rigidas
585 410 657 473 ooni
679 410 854 494 perlabitur
876 412 1028 492 umbras3

85 548 134 594 res
160 533 300 608 tempore
323 523 436 588 eodem
458 523 537 586 aliut
557 529 697 605 nequeat
718 543 901 589 sueonrrere
925 526 1023 590 lunae

96 718 101 727 ⁸
162 660 275 724 eorpus
297 638 348 702 vel
371 657 467 719 supra
489 636 567 701 solis
589 632 753 719 perlabier
776 638 906 722 orbem,

160 752 247 836 quod
270 751 376 815 radios
399 751 480 815 iuter
502 757 627 834 rumpat
648 749 819 832 lumenque
842 752 1038 834 profusum?

163 873 323 932 ettamen
346 866 416 949 ipsa
443 885 500 929 suo
525 866 550 950 si
573 864 670 945 fulgit
692 863 768 926 luna
791 865 912 938 nitore,
957 906 969 930 0

161 1002 216 1046 eur
239 984 375 1062 nequeat
398 987 483 1043 oerta
505 979 615 1042 mundi
638 980 847 1060 languescere
869 967 981 1063 parte{

87 1117 137 1163 vro
162 1095 236 1158 dum
260 1093 331 1158 looa
354 1094 527 1157 luminibus
548 1094 686 1176 propriis
709 1094 843 1157 inimioa
862 1115 918 1176 per
940 1094 1034 1172 enit?

89 1230 137 1275 vm
206 1207 298 1283 Quod
321 1227 417 1291 super
440 1211 507 1288 est,
525 1207 677 1287 quoniam
702 1208 810 1291 magui
833 1229 890 1292 per
913 1209 1041 1273 eaerula
1064 1210 1173 1273 mundi

163 1340 226 1402 qua
248 1319 317 1385 fieri
340 1320 488 1402 quioquid
512 1328 622 1404 posset
643 1322 767 1386 ratione
790 1325 929 1400 resolvi,

162 1435 240 1500 solis
262 1435 309 1497 uti
332 1435 439 1498 varios
462 1455 574 1499 eursus
596 1435 759 1518 lunaeque
781 1445 907 1504 meatus

89 1571 138 1616 vva
164 1568 296 1613 nosoere
319 1568 487 1632 possemus
511 1569 591 1629 quae
615 1551 662 1614 vis
686 1559 718 1615 et
741 1573 837 1617 eausa
860 1554 976 1637 oleret,

165 1682 269 1745 quove
292 1662 387 1727 modo
410 1670 542 1746 possent
565 1663 679 1727 offecto
702 1665 822 1730 lumine
845 1668 934 1731 obire

164 1787 196 1844 et
218 1797 322 1859 neque
345 1778 507 1861 opinantis
528 1779 669 1844 tenebris
692 1780 851 1846 obducere
874 1790 997 1867 terras,

165 1916 235 1959 oum
259 1893 351 1975 quasi
375 1893 523 1958 oonivent
545 1901 577 1958 et
599 1902 711 1978 aperto
734 1896 853 1961 lumine
878 1916 1001 1961 rursum

165 2009 272 2076 omnia
295 2011 462 2074 convisunt
483 2011 571 2074 clara
595 2011 667 2074 looa
690 2011 828 2074 eandida
851 2012 940 2095 lune,

91 2151 140 2196 vso
166 2145 250 2191 nuno
272 2122 367 2189 redeo
391 2125 433 2188 ad
457 2125 566 2188 mundi
589 2125 763 2189 novitatem
787 2131 818 2189 et
840 2126 948 2190 mollia
971 2133 1074 2192 terrae

164 2261 260 2321 arva,
277 2260 360 2303 novo
384 2239 450 2302 fetu
475 2239 551 2319 quid
573 2239 709 2322 primum
733 2240 765 2303 in
788 2240 916 2305 luminis
940 2261 1015 2306 oras

164 2356 275 2420 tollere
299 2361 329 2417 et
351 2353 480 2418 insertis
503 2353 618 2417 crerint
641 2354 838 2418 committere
860 2355 984 2420 ventis.

202 2468 363 2553 Principio
386 2488 489 2550 genus
510 2467 680 2532 herbarum
703 2468 902 2550 viridemque
923 2471 1058 2535 nitorem

164 2592 252 2649 terra
275 2583 363 2648 dedit
385 2583 502 2648 eireum
526 2583 617 2648 collis
641 2603 836 2668 oamposque
859 2604 916 2669 per
938 2585 1063 2661 omnis,

92 2723 140 2769 vsa
164 2700 279 2764 florida
301 2698 456 2764 fulserunt
477 2698 627 2763 viridanti
650 2707 744 2783 prata
767 2699 894 2783 eolore,

165 2815 396 2896 arboribusque
419 2815 558 2878 datumst
579 2814 676 2877 variis
699 2814 815 2878 exinde
837 2833 895 2897 per
918 2835 1015 2881 auras

92 2957 97 2968 *
164 2930 328 2996 oresoendi
353 2949 503 3008 magnum
525 2929 667 2992 inmissis
690 2935 851 2993 certamen
873 2930 1027 2995 habenis.

165 3052 199 3108 ut
220 3045 331 3128 pluma
353 3049 448 3122 atque
471 3042 528 3126 pili
550 3034 882 3126 primunfiaetaeque
904 3052 1053 3110 creantur

166 3157 400 3242 quadripedum
422 3157 573 3223 membris
596 3164 628 3222 et
650 3178 784 3242 corpore
806 3159 1088 3242 pennipotentum,

91 3297 140 3342 rao
166 3274 212 3339 sio
234 3293 318 3337 nova
340 3280 405 3336 tum
428 3272 523 3336 tellus
545 3272 662 3338 herbas
683 3275 884 3356 virgultaque
906 3275 1041 3358 primum

164 3387 308 3471 sustulit,
325 3388 399 3452 inde
422 3387 485 3452 looi
508 3387 656 3452 mortalia
679 3376 786 3453 saeola
808 3389 928 3454 oreavit

166 3502 264 3565 multa
285 3502 388 3567 modis
411 3501 518 3566 multis
540 3501 631 3566 varia
652 3505 775 3568 ratione
798 3510 927 3569 ooorta.

165 3637 241 3680 nam
263 3635 367 3697 neque
390 3616 430 3680 de
453 3617 543 3682 eaelo
567 3618 721 3683 oeeidisse
743 3619 897 3683 animalia
918 3626 1073 3703 possunt,

165 3750 226 3795 neo
248 3731 410 3796 terrestria
432 3731 473 3796 de
496 3732 590 3797 salsis
613 3732 719 3797 exisse
741 3733 883 3798 laounis:

93 3863 141 3911 ros
166 3843 316 3925 linquitur·
338 3850 373 3908 ut
394 3845 508 3910 merito
532 3851 707 3910 maternum
729 3867 847 3913 nomen
869 3846 988 3932 adepta

170 4125 220 4170 764
238 4122 377 4186 periabitur
397 4119 410 4188 ll
431 4125 481 4171 768
500 4123 581 4186 fulget
600 4121 614 4190 Η
636 4128 800 4174 7713764.
822 4121 835 4189 ΙΙ
857 4129 906 4174 776
925 4137 1028 4190 possent
1042 4128 1182 4180 omarum.
1204 4127 1218 4199 ΙΙ
1241 4133 1288 4183 782

170 4209 282 4259 Tolleret
303 4207 316 4278 ll
336 4210 442 4258 eredunt
462 4207 475 4276 Η
497 4213 546 4258 764
566 4227 718 4279 campusque
739 4208 752 4278 ll
774 4215 823 4261 790
842 4213 998 4279 vilgultaque
