2744 4658
698 273 742 336 Vl

153 445 187 509 id
209 444 284 509 licet
308 445 380 510 hinc
403 445 498 509 etiam
522 464 739 528 cognoscere.
758 447 893 511 caedere
916 446 943 511 si
967 466 1062 528 quem

153 559 286 655 ancipiti
309 559 422 625 videas
443 559 530 625 terro
553 562 664 645 procul
687 561 810 626 arboris
834 567 982 636 auctum,

152 676 228 739 ante
250 673 285 740 fit
306 682 341 740 ut
363 696 479 742 cernas
501 676 597 742 ictum
622 696 719 758 quarn
740 677 842 761 plaga
864 697 921 762 per
943 680 1029 744 auris

75 812 129 861 iro
154 790 210 857 det
232 791 390 855 sonitum:
408 791 454 857 sic
477 791 636 877 fulgorem
660 811 789 874 qnoque
813 792 971 858 cernimus
995 801 1071 858 ante

155 927 250 990 qnam
273 906 424 970 tonitrum
448 907 643 992 accipimus,
659 908 778 992 pariter
800 908 852 990 qui
877 907 1008 973 mittitur
1030 909 1096 993 igni

152 1042 172 1089 c
195 1021 291 1089 simili
315 1042 432 1099 causa,
448 1043 602 1088 concursu
626 1029 720 1088 natus
745 1024 878 1088 eodem.

172 1222 175 1227 1
193 1139 263 1202 Hoc
285 1137 378 1201 etiarn
403 1144 495 1221 pacto
519 1139 639 1203 volucri
662 1139 734 1204 loca
756 1139 876 1203 lumine
898 1140 1025 1224 tingunt

152 1254 255 1319 nubes
278 1258 309 1317 et
331 1254 465 1317 trenrnlo
487 1259 662 1338 tempestas
684 1253 803 1338 impete
826 1254 941 1337 fulgit.

75 1391 128 1439 rra
153 1376 268 1434 ventus
291 1368 344 1433 ubi
366 1368 484 1434 invasit
504 1369 620 1433 nubem
645 1375 678 1432 et
700 1377 845 1435 versatus
867 1370 985 1437 ibidem

150 1484 229 1565 fecit
251 1490 286 1548 nt
308 1491 380 1549 ante
404 1504 513 1548 cavam
538 1482 632 1548 docui
656 1485 852 1569 spissescere
875 1486 1012 1562 nubem,

150 1600 327 1675 mobilitate
350 1620 409 1665 sna
430 1599 596 1682 fervescit3
614 1605 648 1663 ut
671 1601 778 1665 omnia
801 1606 888 1666 motu

149 1713 368 1802 percalefacta
388 1714 480 1779 vides
502 1715 690 1799 ardescere,
708 1717 860 1799 plumbea
883 1736 959 1780 vcro

152 1833 243 1917 glans
266 1830 361 1894 etiarn
386 1831 483 1913 longo
506 1851 601 1896 cursu
623 1831 785 1895 volvenda
808 1831 957 1896 calescit.

85 1966 133 2014 rso
156 1965 229 2031 ergo
251 1944 394 2011 fervidus
416 1944 468 2009 hic
491 1945 606 2009 nubem
631 1966 699 2010 enrn
724 1946 877 2030 perscidit
899 1928 1021 2031 etiarn,

155 2059 288 2146 dissipat
311 2060 435 2124 ardoris
458 2061 551 2143 quasi
573 2063 713 2145 pervim
739 2081 893 2144 expressa
915 2068 1046 2145 repente

149 2177 295 2252 semina,
313 2195 396 2257 quac
420 2174 540 2240 faciunt
562 2177 714 2241 nictantia
737 2175 867 2258 fulgura
890 2176 1059 2243 flammae:

149 2290 228 2356 inde
252 2312 350 2356 sonus
375 2291 537 2371 seqnitur,
554 2293 608 2372 qui
631 2291 754 2357 tardius
778 2291 887 2357 adficit
908 2293 995 2358 auris

146 2426 246 2489 quam
270 2425 353 2488 qnae
375 2405 567 2489 perveniunt
590 2407 754 2472 oculorum
778 2407 822 2472 ad
844 2408 965 2472 lumina
987 2417 1117 2475 nostra.

76 2542 124 2593 1111
150 2522 295 2605 scilicet,
313 2522 374 2585 hoc
397 2520 506 2585 densis
529 2521 563 2584 lit
585 2522 722 2586 nubibus
746 2527 778 2586 et
799 2523 893 2586 sinrul
915 2523 979 2586 alte

149 2636 301 2702 extructis
324 2636 396 2702 aliis
419 2636 501 2700 elias
525 2655 620 2720 snper
643 2636 761 2720 irnpcte
784 2637 884 2699 miro.

74 2772 124 2821 189
151 2754 383 2836 contemplator
407 2753 510 2834 enim,
528 2772 598 2816 curn
621 2752 781 2815 montibus
804 2751 1000 2815 adsimulata

151 2848 263 2931 nubila
285 2868 457 2950 portabunt
480 2869 563 2931 venti
587 2874 772 2932 transversa
795 2886 852 2950 per
875 2887 991 2944 auras,

149 2986 205 3045 aut
227 2981 281 3046 ubi
304 3000 361 3064 per
383 3003 519 3063 magnos
541 2984 657 3045 montis
681 2981 840 3046 cumulata
864 2980 987 3046 videbis
1025 2977 1027 2981 ’

149 3097 282 3180 insuper
305 3116 376 3162 esse
400 3097 471 3162 aliis
494 3097 560 3160 alia
582 3104 677 3178 atque
700 3114 837 3176 urguere
861 3115 1000 3178 superne

149 3211 183 3275 in
206 3210 344 3276 statione
366 3211 473 3276 locata
497 3211 630 3294 sepultis
654 3211 795 3291 undique
818 3210 940 3290 ventis3

74 3345 123 3391 1111
151 3345 191 3389 ne
213 3325 270 3390 tibi
293 3327 335 3390 sit
357 3325 441 3390 frudi
466 3325 550 3408 (ruod
574 3347 633 3391 nos
656 3325 781 3389 inferne
804 3324 949 3390 videmus

151 3459 246 3522 quarn
268 3442 331 3506 sint
352 3443 418 3506 lata
441 3441 545 3522 magis
568 3460 665 3523 quarn
688 3459 813 3504 sursum
837 3447 980 3504 extructa.
1003 3440 1079 3521 quid
1103 3449 1229 3508 extent.

76 3573 126 3620 194
150 3559 213 3618 turn
237 3556 356 3639 poteris
380 3576 515 3638 magnas
539 3558 640 3620 moles
664 3574 857 3639 cognoscere
881 3574 989 3619 coruru

150 3671 385 3753 speluncasque
409 3673 457 3735 vel
481 3677 516 3733 ut
537 3672 625 3735 saxis
648 3669 851 3752 pendentibn'
875 3674 1011 3734 structas

151 3803 304 3869 cernere,
321 3805 402 3867 quas
424 3787 508 3851 venti
534 3806 604 3849 curn
627 3790 818 3868 tempestate
842 3788 951 3848 coorta

150 3971 207 3978 —.--
216 3972 265 3979 .-—--
277 3972 347 3978 ----

154 4091 204 4137 168
218 4088 336 4151 L'ugipiti
349 4089 433 4137 videat
453 4086 465 4156 Η
490 4091 537 4137 119
558 4088 684 4152 fulgurem
705 4086 717 4156 ll
741 4092 789 4137 119
809 4090 925 4138 adeseere
946 4085 959 4156 li
983 4092 1030 4139 119
1045 4090 1168 4151 quiescit.
1189 4087 1202 4158 Η
1225 4092 1274 4141 189

152 4176 291 4238 perscindit
311 4174 324 4243 Η
353 4179 400 4225 183
421 4177 508 4226 adlicit
532 4176 545 4243 ΙΙ
574 4181 621 4226 1115
642 4176 704 4224 ulti.
726 4172 739 4243 Η
762 4178 807 4226 191
830 4178 915 4226 cnlnta
942 4174 954 4244 ii
977 4178 1204 4247 192s11perna.}}
1226 4181 1275 4229 199

153 4264 251 4313 satione
272 4261 286 4331 ΙΙ
309 4265 357 4312 188
377 4263 410 4313 sit
433 4261 447 4331 Η
472 4265 580 4313 extricta

1011 4360 1075 4429 14*
