2744 4658
158 233 219 297 134
687 222 745 286 llll

134 415 251 464 'unam
275 419 344 462 cum
368 397 513 461 iaceres:
530 395 576 459 ita
600 393 709 467 colles,
722 393 856 458 collibus
877 393 939 477 ipsi

158 516 255 581 verba
278 513 479 596 repulsantes
501 510 661 575 iterabant
684 508 780 573 docta
802 507 933 573 referri.

82 654 132 700 500
157 631 238 695 haec
260 630 332 694 loca
355 626 543 711 capripedes
567 632 692 710 satyros
713 624 936 708 nymphasque
958 630 1067 689 tenere

159 744 283 809 finitimi
306 743 448 825 fingunt,
466 746 497 804 et
517 739 631 803 faun0s
654 759 724 803 esse
746 739 912 821 locuntur,

159 879 292 942 quorum
314 857 484 937 noctivago
508 854 641 938 strepitu
662 853 801 936 ludoque
824 854 939 918 iocanti

159 975 329 1039 adfirmant
350 971 446 1053 volgo
469 970 625 1034 taciturna
648 969 777 1034 silentia
799 969 923 1053 rumpi,

160 1087 414 1168 chordarumque
437 1106 534 1150 sonos
557 1084 645 1168 fieri,
663 1084 830 1166 dulcisque
853 1085 1033 1170 querellas,

85 1227 134 1273 505
161 1203 240 1268 tibia
264 1222 344 1283 quas
368 1199 471 1264 fundit
495 1199 603 1284 digitis
626 1200 756 1282 pulsata
778 1206 967 1283 canentum,

159 1327 191 1384 et
212 1337 315 1401 genus
338 1317 512 1397 agricolum
535 1317 600 1380 late
624 1315 813 1401 sentiscere,
832 1337 923 1398 quom
947 1315 1016 1380 Pan

159 1434 257 1518 pinea
280 1430 419 1497 semiferi
444 1431 558 1513 eapitis
581 1432 740 1495 velamina
762 1451 920 1512 quassans

160 1568 241 1612 unco
265 1567 361 1630 saepe
383 1545 475 1608 labro
500 1546 641 1610 calamos
663 1546 820 1630 percurrit
840 1545 977 1630 hiantis,

163 1663 270 1726 fistula
293 1662 469 1726 silvestrem
493 1679 534 1724 nc
558 1667 662 1725 cesset
685 1660 818 1726 fundere
841 1681 985 1727 musam.

87 1799 137 1845 500
163 1783 269 1842 cetera
292 1776 333 1841 de
355 1794 473 1860 genere
495 1775 556 1841 hoc
578 1782 720 1840 monstra
741 1796 779 1840 00
800 1783 948 1861 portenta
970 1778 1160 1859 loquontur,

161 1912 202 1957 ne
225 1893 296 1957 loca
318 1892 447 1957 deserta
470 1891 510 1954 ab
533 1890 615 1955 divis
639 1912 765 1973 quoque
788 1891 871 1956 forte
893 1897 1042 1975 putentur

159 2008 229 2073 sola
251 2013 380 2071 tenere.
397 2006 471 2070 ideo
495 2006 614 2069 iactant
637 2007 792 2071 miracula
815 2006 927 2092 dictis,

160 2129 214 2187 aut
236 2122 346 2203 aliqua
369 2122 493 2185 ratione
515 2120 582 2184 alia
603 2120 782 2205 ducuntur,
800 2128 833 2185 ut
856 2143 949 2187 omne

159 2238 333 2302 humanum
355 2256 457 2319 genus
480 2242 529 2299 est
551 2235 680 2299 avidum
703 2236 788 2300 nimi
812 2237 1034 2304 miraclorum.

86 2374 136 2420 505
205 2351 297 2430 Quod
320 2371 415 2434 super
438 2357 505 2426 est,
522 2373 586 2416 non
610 2359 658 2416 est
680 2352 860 2415 mirandum
884 2375 947 2434 qua
968 2355 1113 2434 ratione,

162 2487 219 2551 per
241 2467 313 2531 loca
336 2485 418 2549 quac
440 2473 604 2547 noqueunt
626 2468 709 2532 oculi
731 2488 782 2532 res
804 2487 934 2533 cernere
957 2477 1107 2557 apertas,

164 2583 246 2647 haee
268 2582 340 2648 loca
362 2603 420 2667 per
441 2601 538 2647 voces
560 2582 692 2648 veniant
714 2583 864 2666 aurisque
886 2584 1065 2666 lacessant,

154 2694 362 2782 'conloquium
386 2698 502 2763 clausis
526 2697 647 2762 foribus
671 2719 797 2781 000000
821 2719 918 2783 saepe
941 2701 994 2765 ubi
1017 2701 1149 2787 demus;

162 2813 195 2876 ni
217 2816 351 2892 mirum,
369 2815 445 2897 quia
468 2834 530 2876 vox
553 2833 610 2896 per
632 2813 718 2876 flexa
739 2813 899 2877 foramina
919 2835 1024 2879 rerum

88 2950 138 2996 000
163 2929 330 2994 incolumis
353 2928 491 2992 transire
513 2932 639 3011 potest,
656 2927 826 2992 simulacra
848 2935 1014 2994 renutant:

162 3042 406 3128 perscinduntur
429 3042 533 3126 eninr,
551 3042 611 3106 nisi
634 3046 724 3106 recta
746 3043 904 3109 foramina
927 3052 1075 3124 tranant,

164 3158 271 3238 qualia
294 3162 366 3221 0001
388 3157 501 3241 vitrei,
518 3157 643 3241 0000100
667 3178 729 3240 000
751 3160 888 3224 travolat
911 3162 1034 3226 omnis.

161 3277 330 3356 praeterea
351 3272 451 3354 partis
473 3272 505 3336 in
529 3280 660 3337 ounotas
683 3273 834 3338 dividitur
856 3280 938 3360 v'orr,

162 3408 203 3451 ex
225 3387 297 3450 aliis
320 3386 406 3451 aliae
430 3387 579 3468 quoniam
605 3388 798 3473 gignuntur,
815 3390 870 3454 ubi
893 3412 956 3455 una

87 3524 136 3571 005
162 3501 299 3567 dissiluit
321 3502 420 3566 semel
443 3501 477 3563 in
498 3501 617 3565 multas
640 3509 770 3588 exorta,
789 3505 880 3585 quasi
903 3506 986 3590 ignis

162 3635 259 3699 00000
282 3616 364 3681 00101
386 3616 524 3681 001011110
546 3635 620 3680 0000
643 3635 678 3681 00
700 3636 853 3700 spargere
874 3619 907 3682 in
929 3622 1033 3703 ignis.

163 3750 237 3816 ergo
260 3733 424 3816 replentur
446 3732 519 3796 loca
542 3729 693 3810 vocibus,
711 3730 823 3797 abdita
842 3741 926 3799 retro

161 3916 362 3923 ——..—.

166 4037 215 4084 519
236 4036 303 4084 dicta
328 4032 340 4102 11
366 4037 414 4083 581
436 4036 524 4083 fannes
550 4034 562 4102 11
588 4038 638 4084 582
659 4035 771 4084 1000011.
798 4033 810 4102 11
836 4038 885 4084 581
906 4037 1029 4085 ullamins
1052 4035 1066 4105 11
1091 4042 1142 4089 599
1162 4041 1252 4091 Petere
1273 4041 1287 4109 11

165 4125 216 4171 594
235 4123 422 4172 nutricularum.
443 4124 456 4188 11
478 4125 527 4171 598
541 4139 614 4187 00000
627 4118 755 4174 videmus.
777 4119 791 4192 11
811 4126 861 4172 (190
880 4132 1030 4175 renuntant.
1052 4122 1065 4192 11
1087 4128 1137 4176 603
1157 4137 1250 4179 000010
1269 4129 1282 4197 11

166 4212 216 4257 694
236 4210 329 4258 015100.
