<?xml version="1.0" encoding="UTF-8"?>
<!DOCTYPE html PUBLIC "-//W3C//DTD XHTML 1.0 Transitional//EN"
    "http://www.w3.org/TR/xhtml1/DTD/xhtml1-transitional.dtd">
<html xmlns="http://www.w3.org/1999/xhtml" xml:lang="en" lang="en">
 <head>
  <title>
</title>
<meta http-equiv="Content-Type" content="text/html;charset=utf-8" />
  <meta name='ocr-system' content='tesseract 3.04.00' />
  <meta name='ocr-capabilities' content='ocr_page ocr_carea ocr_par ocr_line ocrx_word'/>
</head>
<body>
  <div class='ocr_page' id='page_1' title='image "./tlucreticarider15carugoog_0061.png"; bbox 0 0 2744 4658; ppageno 0'>
   <div class='ocr_carea' id='block_1_1' title="bbox 146 242 728 313">
    <p class='ocr_par' dir='ltr' id='par_1_1' title="bbox 146 242 728 313">
     <span class='ocr_line' id='line_1_1' title="bbox 146 242 728 313; baseline -0.014 0"><span class='ocrx_word' id='word_1_1' title='bbox 146 249 188 313; x_wconf 82' lang='lat'>56</span> <span class='ocrx_word' id='word_1_2' title='bbox 695 242 728 306; x_wconf 91' lang='lat'>11</span> 
     </span>
    </p>
   </div>
   <div class='ocr_carea' id='block_1_2' title="bbox 79 412 1177 3826">
    <p class='ocr_par' dir='ltr' id='par_1_2' title="bbox 79 412 1177 3826">
     <span class='ocr_line' id='line_1_2' title="bbox 79 412 937 498; baseline -0.006 -17"><span class='ocrx_word' id='word_1_3' title='bbox 79 436 132 481; x_wconf 86' lang='grc'>474</span> <span class='ocrx_word' id='word_1_4' title='bbox 157 435 248 479; x_wconf 89' lang='grc'>07007</span> <span class='ocrx_word' id='word_1_5' title='bbox 270 413 462 491; x_wconf 85' lang='grc'>7101070,0177</span> <span class='ocrx_word' id='word_1_6' title='bbox 484 433 542 498; x_wconf 93' lang='lat' dir='ltr'>per</span> <span class='ocrx_word' id='word_1_7' title='bbox 563 418 666 476; x_wconf 90' lang='lat' dir='ltr'>terras</span> <span class='ocrx_word' id='word_1_8' title='bbox 689 412 830 478; x_wconf 90' lang='lat' dir='ltr'>crebrius</span> <span class='ocrx_word' id='word_1_9' title='bbox 852 413 937 479; x_wconf 89' lang='lat' dir='ltr'>idem</span> 
     </span>
     <span class='ocr_line' id='line_1_3' title="bbox 157 526 1020 613; baseline 0 -20"><span class='ocrx_word' id='word_1_10' title='bbox 157 529 359 613; x_wconf 80' lang='lat' dir='ltr'>percolatur,</span> <span class='ocrx_word' id='word_1_11' title='bbox 375 534 410 592; x_wconf 90' lang='lat' dir='ltr'>ut</span> <span class='ocrx_word' id='word_1_12' title='bbox 431 527 464 591; x_wconf 91' lang='lat' dir='ltr'>in</span> <span class='ocrx_word' id='word_1_13' title='bbox 486 527 615 592; x_wconf 84' lang='lat' dir='ltr'>foveam</span> <span class='ocrx_word' id='word_1_14' title='bbox 637 526 715 591; x_wconf 90' lang='lat' dir='ltr'>fluat</span> <span class='ocrx_word' id='word_1_15' title='bbox 736 547 776 591; x_wconf 88' lang='lat' dir='ltr'>ao</span> <span class='ocrx_word' id='word_1_16' title='bbox 797 535 1020 604; x_wconf 81' lang='lat' dir='ltr'>mansuescat,</span> 
     </span>
     <span class='ocr_line' id='line_1_4' title="bbox 81 641 1031 727; baseline -0.003 -18"><span class='ocrx_word' id='word_1_17' title='bbox 81 663 131 710; x_wconf 84' lang='grc'>477</span> <span class='ocrx_word' id='word_1_18' title='bbox 158 662 359 726; x_wconf 87' lang='lat' dir='ltr'>asperaque</span> <span class='ocrx_word' id='word_1_19' title='bbox 382 643 485 725; x_wconf 88' lang='lat' dir='ltr'>magis</span> <span class='ocrx_word' id='word_1_20' title='bbox 508 641 540 705; x_wconf 90' lang='lat' dir='ltr'>in</span> <span class='ocrx_word' id='word_1_21' title='bbox 564 643 656 706; x_wconf 90' lang='grc'>707770</span> <span class='ocrx_word' id='word_1_22' title='bbox 678 641 866 708; x_wconf 80' lang='lat' dir='ltr'>haerescere</span> <span class='ocrx_word' id='word_1_23' title='bbox 888 643 1031 727; x_wconf 88' lang='lat' dir='ltr'>possint.</span> 
     </span>
     <span class='ocr_line' id='line_1_5' title="bbox 202 756 1148 841; baseline 0.001 -21"><span class='ocrx_word' id='word_1_24' title='bbox 202 757 294 833; x_wconf 79' lang='lat' dir='ltr'>Quod</span> <span class='ocrx_word' id='word_1_25' title='bbox 319 757 470 839; x_wconf 88' lang='lat' dir='ltr'>quoniam</span> <span class='ocrx_word' id='word_1_26' title='bbox 495 756 610 840; x_wconf 80' lang='lat' dir='ltr'>docui,</span> <span class='ocrx_word' id='word_1_27' title='bbox 627 776 761 841; x_wconf 85' lang='lat' dir='ltr'>pergam</span> <span class='ocrx_word' id='word_1_28' title='bbox 785 763 952 822; x_wconf 86' lang='lat' dir='ltr'>conectere</span> <span class='ocrx_word' id='word_1_29' title='bbox 974 776 1042 822; x_wconf 91' lang='lat' dir='ltr'>rem</span> <span class='ocrx_word' id='word_1_30' title='bbox 1064 774 1148 839; x_wconf 91' lang='lat' dir='ltr'>quae</span> 
     </span>
     <span class='ocr_line' id='line_1_6' title="bbox 159 871 950 956; baseline -0.004 -19"><span class='ocrx_word' id='word_1_31' title='bbox 159 892 200 938; x_wconf 83' lang='lat' dir='ltr'>ex</span> <span class='ocrx_word' id='word_1_32' title='bbox 221 872 282 936; x_wconf 92' lang='grc'>1700</span> <span class='ocrx_word' id='word_1_33' title='bbox 304 877 380 956; x_wconf 91' lang='lat' dir='ltr'>apta</span> <span class='ocrx_word' id='word_1_34' title='bbox 401 871 497 936; x_wconf 89' lang='lat' dir='ltr'>fidem</span> <span class='ocrx_word' id='word_1_35' title='bbox 520 871 635 949; x_wconf 85' lang='lat' dir='ltr'>ducat,</span> <span class='ocrx_word' id='word_1_36' title='bbox 651 871 825 954; x_wconf 89' lang='lat' dir='ltr'>primordia</span> <span class='ocrx_word' id='word_1_37' title='bbox 846 891 950 936; x_wconf 89' lang='lat' dir='ltr'>rerum</span> 
     </span>
     <span class='ocr_line' id='line_1_7' title="bbox 82 985 755 1068; baseline -0.01 -13"><span class='ocrx_word' id='word_1_38' title='bbox 82 1009 133 1057; x_wconf 83' lang='lat'>480</span> <span class='ocrx_word' id='word_1_39' title='bbox 158 987 248 1051; x_wconf 88' lang='lat' dir='ltr'>finita</span> <span class='ocrx_word' id='word_1_40' title='bbox 270 986 396 1050; x_wconf 87' lang='lat' dir='ltr'>variare</span> <span class='ocrx_word' id='word_1_41' title='bbox 418 985 590 1068; x_wconf 86' lang='lat' dir='ltr'>figurarum</span> <span class='ocrx_word' id='word_1_42' title='bbox 613 986 755 1049; x_wconf 87' lang='lat' dir='ltr'>ratione.</span> 
     </span>
     <span class='ocr_line' id='line_1_8' title="bbox 159 1099 1089 1184; baseline -0.001 -20"><span class='ocrx_word' id='word_1_43' title='bbox 159 1099 246 1184; x_wconf 91' lang='lat' dir='ltr'>quod</span> <span class='ocrx_word' id='word_1_44' title='bbox 269 1100 296 1165; x_wconf 87' lang='lat' dir='ltr'>si</span> <span class='ocrx_word' id='word_1_45' title='bbox 319 1099 449 1164; x_wconf 90' lang='lat' dir='ltr'>nonita</span> <span class='ocrx_word' id='word_1_46' title='bbox 472 1099 532 1182; x_wconf 83' lang='lat' dir='ltr'>sit,</span> <span class='ocrx_word' id='word_1_47' title='bbox 549 1119 674 1163; x_wconf 91' lang='lat' dir='ltr'>rursum</span> <span class='ocrx_word' id='word_1_48' title='bbox 695 1099 760 1163; x_wconf 89' lang='lat' dir='ltr'>iarn</span> <span class='ocrx_word' id='word_1_49' title='bbox 784 1101 905 1164; x_wconf 87' lang='lat' dir='ltr'>semina</span> <span class='ocrx_word' id='word_1_50' title='bbox 930 1100 1089 1182; x_wconf 88' lang='lat' dir='ltr'>quaedam</span> 
     </span>
     <span class='ocr_line' id='line_1_9' title="bbox 107 1213 863 1297; baseline -0.004 -17"><span class='ocrx_word' id='word_1_51' title='bbox 107 1215 112 1224; x_wconf 88' lang='grc'><strong>’</strong></span> <span class='ocrx_word' id='word_1_52' title='bbox 159 1234 231 1280; x_wconf 88' lang='lat' dir='ltr'>esse</span> <span class='ocrx_word' id='word_1_53' title='bbox 252 1213 374 1279; x_wconf 90' lang='lat' dir='ltr'>infinito</span> <span class='ocrx_word' id='word_1_54' title='bbox 399 1213 561 1279; x_wconf 91' lang='lat' dir='ltr'>debebunt</span> <span class='ocrx_word' id='word_1_55' title='bbox 584 1214 726 1297; x_wconf 90' lang='lat' dir='ltr'>corporis</span> <span class='ocrx_word' id='word_1_56' title='bbox 749 1221 863 1279; x_wconf 91' lang='lat' dir='ltr'>auctu.</span> 
     </span>
     <span class='ocr_line' id='line_1_10' title="bbox 158 1328 943 1411; baseline 0.001 -19"><span class='ocrx_word' id='word_1_57' title='bbox 158 1349 296 1411; x_wconf 89' lang='lat' dir='ltr'>namque</span> <span class='ocrx_word' id='word_1_58' title='bbox 319 1329 430 1394; x_wconf 91' lang='lat' dir='ltr'>eadem</span> <span class='ocrx_word' id='word_1_59' title='bbox 455 1328 548 1394; x_wconf 90' lang='lat' dir='ltr'>unius</span> <span class='ocrx_word' id='word_1_60' title='bbox 572 1329 711 1393; x_wconf 84' lang='lat' dir='ltr'>cuiusvis</span> <span class='ocrx_word' id='word_1_61' title='bbox 733 1329 766 1393; x_wconf 92' lang='lat' dir='ltr'>in</span> <span class='ocrx_word' id='word_1_62' title='bbox 788 1330 943 1394; x_wconf 88' lang='lat' dir='ltr'>brevitate</span> 
     </span>
     <span class='ocr_line' id='line_1_11' title="bbox 160 1442 913 1528; baseline -0.003 -19"><span class='ocrx_word' id='word_1_63' title='bbox 160 1443 302 1528; x_wconf 89' lang='lat' dir='ltr'>corporis</span> <span class='ocrx_word' id='word_1_64' title='bbox 323 1442 406 1506; x_wconf 91' lang='lat' dir='ltr'>inter</span> <span class='ocrx_word' id='word_1_65' title='bbox 427 1461 462 1506; x_wconf 90' lang='lat' dir='ltr'>se</span> <span class='ocrx_word' id='word_1_66' title='bbox 485 1445 617 1507; x_wconf 89' lang='lat' dir='ltr'>multum</span> <span class='ocrx_word' id='word_1_67' title='bbox 640 1444 767 1510; x_wconf 82' lang='lat' dir='ltr'>variare</span> <span class='ocrx_word' id='word_1_68' title='bbox 791 1443 913 1525; x_wconf 87' lang='lat' dir='ltr'>figurae</span> 
     </span>
     <span class='ocr_line' id='line_1_12' title="bbox 84 1555 1039 1641; baseline -0.001 -17"><span class='ocrx_word' id='word_1_69' title='bbox 84 1578 136 1626; x_wconf 80' lang='grc'>407</span> <span class='ocrx_word' id='word_1_70' title='bbox 162 1577 227 1621; x_wconf 90' lang='grc'>000</span> <span class='ocrx_word' id='word_1_71' title='bbox 249 1563 403 1641; x_wconf 89' lang='lat' dir='ltr'>possunt.</span> <span class='ocrx_word' id='word_1_72' title='bbox 420 1555 473 1620; x_wconf 87' lang='grc'>700</span> <span class='ocrx_word' id='word_1_73' title='bbox 495 1559 578 1623; x_wconf 88' lang='grc'>00777</span> <span class='ocrx_word' id='word_1_74' title='bbox 601 1559 740 1622; x_wconf 89' lang='lat' dir='ltr'>minimis</span> <span class='ocrx_word' id='word_1_75' title='bbox 763 1579 780 1622; x_wconf 90' lang='lat' dir='ltr'>e</span> <span class='ocrx_word' id='word_1_76' title='bbox 803 1559 946 1641; x_wconf 88' lang='lat' dir='ltr'>partibus</span> <span class='ocrx_word' id='word_1_77' title='bbox 968 1577 1039 1623; x_wconf 92' lang='lat' dir='ltr'>esse</span> 
     </span>
     <span class='ocr_line' id='line_1_13' title="bbox 161 1671 1045 1757; baseline -0.001 -20"><span class='ocrx_word' id='word_1_78' title='bbox 161 1692 296 1756; x_wconf 87' lang='lat' dir='ltr'>corpora</span> <span class='ocrx_word' id='word_1_79' title='bbox 317 1671 420 1756; x_wconf 87' lang='lat' dir='ltr'>prima</span> <span class='ocrx_word' id='word_1_80' title='bbox 443 1673 565 1749; x_wconf 84' lang='lat' dir='ltr'>tribus,</span> <span class='ocrx_word' id='word_1_81' title='bbox 582 1673 635 1737; x_wconf 87' lang='lat' dir='ltr'>vel</span> <span class='ocrx_word' id='word_1_82' title='bbox 656 1673 753 1756; x_wconf 89' lang='lat' dir='ltr'>paulo</span> <span class='ocrx_word' id='word_1_83' title='bbox 776 1672 919 1757; x_wconf 89' lang='lat' dir='ltr'>pluribus</span> <span class='ocrx_word' id='word_1_84' title='bbox 943 1694 1045 1756; x_wconf 87' lang='lat' dir='ltr'>auge:</span> 
     </span>
     <span class='ocr_line' id='line_1_14' title="bbox 161 1786 989 1872; baseline 0.004 -22"><span class='ocrx_word' id='word_1_85' title='bbox 161 1806 276 1871; x_wconf 90' lang='lat' dir='ltr'>nempe</span> <span class='ocrx_word' id='word_1_86' title='bbox 301 1786 356 1851; x_wconf 92' lang='lat' dir='ltr'>ubi</span> <span class='ocrx_word' id='word_1_87' title='bbox 380 1807 435 1852; x_wconf 92' lang='lat' dir='ltr'>eas</span> <span class='ocrx_word' id='word_1_88' title='bbox 457 1786 558 1872; x_wconf 91' lang='lat' dir='ltr'>partis</span> <span class='ocrx_word' id='word_1_89' title='bbox 581 1786 674 1852; x_wconf 88' lang='lat' dir='ltr'>unius</span> <span class='ocrx_word' id='word_1_90' title='bbox 698 1786 842 1870; x_wconf 90' lang='lat' dir='ltr'>corporis</span> <span class='ocrx_word' id='word_1_91' title='bbox 865 1788 989 1863; x_wconf 80' lang='lat' dir='ltr'>omnis,</span> 
     </span>
     <span class='ocr_line' id='line_1_15' title="bbox 162 1886 1177 1984; baseline -0.002 -17"><span class='ocrx_word' id='word_1_92' title='bbox 162 1922 285 1967; x_wconf 87' lang='lat' dir='ltr'>summa</span> <span class='ocrx_word' id='word_1_93' title='bbox 308 1908 404 1984; x_wconf 91' lang='lat' dir='ltr'>atque</span> <span class='ocrx_word' id='word_1_94' title='bbox 425 1886 491 1965; x_wconf 87' lang='lat' dir='ltr'>ima</span> <span class='ocrx_word' id='word_1_95' title='bbox 512 1902 644 1978; x_wconf 87' lang='lat' dir='ltr'>locans,</span> <span class='ocrx_word' id='word_1_96' title='bbox 660 1907 878 1967; x_wconf 88' lang='lat' dir='ltr'>transmutans</span> <span class='ocrx_word' id='word_1_97' title='bbox 901 1902 1033 1967; x_wconf 86' lang='lat' dir='ltr'>dextera</span> <span class='ocrx_word' id='word_1_98' title='bbox 1055 1901 1177 1977; x_wconf 80' lang='lat' dir='ltr'>laevis,</span> 
     </span>
     <span class='ocr_line' id='line_1_16' title="bbox 162 2015 1083 2101; baseline -0.001 -22"><span class='ocrx_word' id='word_1_99' title='bbox 162 2015 352 2080; x_wconf 88' lang='lat' dir='ltr'>omnimodis</span> <span class='ocrx_word' id='word_1_100' title='bbox 376 2024 525 2101; x_wconf 86' lang='lat' dir='ltr'>expertus</span> <span class='ocrx_word' id='word_1_101' title='bbox 548 2018 632 2092; x_wconf 80' lang='lat' dir='ltr'>eris,</span> <span class='ocrx_word' id='word_1_102' title='bbox 649 2038 744 2099; x_wconf 90' lang='lat' dir='ltr'>quam</span> <span class='ocrx_word' id='word_1_103' title='bbox 770 2018 907 2098; x_wconf 90' lang='lat' dir='ltr'>quisque</span> <span class='ocrx_word' id='word_1_104' title='bbox 929 2017 983 2081; x_wconf 89' lang='lat' dir='ltr'>det</span> <span class='ocrx_word' id='word_1_105' title='bbox 1005 2016 1083 2079; x_wconf 93' lang='lat' dir='ltr'>ordo</span> 
     </span>
     <span class='ocr_line' id='line_1_17' title="bbox 85 2131 839 2216; baseline -0.007 -16"><span class='ocrx_word' id='word_1_106' title='bbox 85 2153 136 2200; x_wconf 83' lang='lat'>490</span> <span class='ocrx_word' id='word_1_107' title='bbox 160 2132 277 2196; x_wconf 86' lang='lat' dir='ltr'>formai</span> <span class='ocrx_word' id='word_1_108' title='bbox 299 2132 438 2215; x_wconf 90' lang='lat' dir='ltr'>speciem</span> <span class='ocrx_word' id='word_1_109' title='bbox 461 2133 558 2196; x_wconf 88' lang='lat' dir='ltr'>totius</span> <span class='ocrx_word' id='word_1_110' title='bbox 582 2133 726 2216; x_wconf 85' lang='lat' dir='ltr'>corporis</span> <span class='ocrx_word' id='word_1_111' title='bbox 749 2131 839 2214; x_wconf 85' lang='lat' dir='ltr'>eius,</span> 
     </span>
     <span class='ocr_line' id='line_1_18' title="bbox 161 2244 1027 2331; baseline -0.001 -21"><span class='ocrx_word' id='word_1_112' title='bbox 161 2246 248 2329; x_wconf 92' lang='lat' dir='ltr'>quod</span> <span class='ocrx_word' id='word_1_113' title='bbox 271 2267 367 2331; x_wconf 87' lang='lat' dir='ltr'>super</span> <span class='ocrx_word' id='word_1_114' title='bbox 390 2253 456 2331; x_wconf 81' lang='lat' dir='ltr'>est,</span> <span class='ocrx_word' id='word_1_115' title='bbox 474 2247 501 2311; x_wconf 91' lang='lat' dir='ltr'>si</span> <span class='ocrx_word' id='word_1_116' title='bbox 523 2247 604 2311; x_wconf 88' lang='grc'>70770</span> <span class='ocrx_word' id='word_1_117' title='bbox 626 2246 716 2311; x_wconf 87' lang='grc'>70100</span> <span class='ocrx_word' id='word_1_118' title='bbox 739 2246 864 2311; x_wconf 84' lang='grc'>7077070</span> <span class='ocrx_word' id='word_1_119' title='bbox 887 2244 1027 2326; x_wconf 85' lang='lat' dir='ltr'>figuras,</span> 
     </span>
     <span class='ocr_line' id='line_1_19' title="bbox 160 2360 954 2445; baseline -0.003 -20"><span class='ocrx_word' id='word_1_120' title='bbox 160 2360 344 2425; x_wconf 90' lang='lat' dir='ltr'>addendum</span> <span class='ocrx_word' id='word_1_121' title='bbox 365 2361 465 2445; x_wconf 89' lang='lat' dir='ltr'>partis</span> <span class='ocrx_word' id='word_1_122' title='bbox 488 2361 569 2425; x_wconf 88' lang='lat' dir='ltr'>alias</span> <span class='ocrx_word' id='word_1_123' title='bbox 593 2362 672 2426; x_wconf 90' lang='lat' dir='ltr'>erit.</span> <span class='ocrx_word' id='word_1_124' title='bbox 689 2361 763 2445; x_wconf 90' lang='lat' dir='ltr'>inde</span> <span class='ocrx_word' id='word_1_125' title='bbox 785 2367 954 2445; x_wconf 85' lang='lat' dir='ltr'>sequetur,</span> 
     </span>
     <span class='ocr_line' id='line_1_20' title="bbox 162 2475 895 2560; baseline 0 -19"><span class='ocrx_word' id='word_1_126' title='bbox 162 2475 304 2540; x_wconf 86' lang='lat' dir='ltr'>adsimili</span> <span class='ocrx_word' id='word_1_127' title='bbox 327 2475 450 2539; x_wconf 85' lang='lat' dir='ltr'>ratione</span> <span class='ocrx_word' id='word_1_128' title='bbox 473 2478 554 2542; x_wconf 91' lang='lat' dir='ltr'>alias</span> <span class='ocrx_word' id='word_1_129' title='bbox 576 2483 611 2541; x_wconf 92' lang='lat' dir='ltr'>ut</span> <span class='ocrx_word' id='word_1_130' title='bbox 633 2477 774 2560; x_wconf 90' lang='lat' dir='ltr'>postulet</span> <span class='ocrx_word' id='word_1_131' title='bbox 796 2477 895 2559; x_wconf 88' lang='lat' dir='ltr'>ordo,</span> 
     </span>
     <span class='ocr_line' id='line_1_21' title="bbox 164 2591 884 2675; baseline -0.003 -18"><span class='ocrx_word' id='word_1_132' title='bbox 164 2592 191 2658; x_wconf 92' lang='lat' dir='ltr'>si</span> <span class='ocrx_word' id='word_1_133' title='bbox 213 2591 349 2656; x_wconf 87' lang='grc'>7070770</span> <span class='ocrx_word' id='word_1_134' title='bbox 371 2591 460 2657; x_wconf 88' lang='grc'>70100</span> <span class='ocrx_word' id='word_1_135' title='bbox 482 2592 578 2657; x_wconf 88' lang='grc'>077007</span> <span class='ocrx_word' id='word_1_136' title='bbox 600 2592 724 2657; x_wconf 89' lang='grc'>7077070</span> <span class='ocrx_word' id='word_1_137' title='bbox 746 2591 884 2675; x_wconf 84' lang='lat' dir='ltr'>figuras.</span> 
     </span>
     <span class='ocr_line' id='line_1_22' title="bbox 87 2705 957 2790; baseline -0.01 -13"><span class='ocrx_word' id='word_1_138' title='bbox 87 2727 139 2777; x_wconf 78' lang='lat'>495</span> <span class='ocrx_word' id='word_1_139' title='bbox 162 2726 239 2789; x_wconf 87' lang='lat' dir='ltr'>ergo</span> <span class='ocrx_word' id='word_1_140' title='bbox 262 2705 435 2770; x_wconf 85' lang='lat' dir='ltr'>formarum</span> <span class='ocrx_word' id='word_1_141' title='bbox 458 2707 631 2771; x_wconf 84' lang='lat' dir='ltr'>novitatem</span> <span class='ocrx_word' id='word_1_142' title='bbox 654 2707 796 2790; x_wconf 90' lang='lat' dir='ltr'>corporis</span> <span class='ocrx_word' id='word_1_143' title='bbox 818 2725 957 2789; x_wconf 83' lang='lat' dir='ltr'>augmen</span> 
     </span>
     <span class='ocr_line' id='line_1_23' title="bbox 163 2820 997 2906; baseline 0 -20"><span class='ocrx_word' id='word_1_144' title='bbox 163 2821 384 2902; x_wconf 89' lang='lat' dir='ltr'>subsequitur.</span> <span class='ocrx_word' id='word_1_145' title='bbox 402 2840 502 2902; x_wconf 91' lang='lat' dir='ltr'>quare</span> <span class='ocrx_word' id='word_1_146' title='bbox 525 2841 589 2884; x_wconf 93' lang='lat' dir='ltr'>non</span> <span class='ocrx_word' id='word_1_147' title='bbox 612 2828 660 2885; x_wconf 91' lang='lat' dir='ltr'>est</span> <span class='ocrx_word' id='word_1_148' title='bbox 682 2827 716 2886; x_wconf 94' lang='lat' dir='ltr'>ut</span> <span class='ocrx_word' id='word_1_149' title='bbox 738 2820 870 2886; x_wconf 87' lang='lat' dir='ltr'>credere</span> <span class='ocrx_word' id='word_1_150' title='bbox 892 2820 997 2906; x_wconf 91' lang='lat' dir='ltr'>possis</span> 
     </span>
     <span class='ocr_line' id='line_1_24' title="bbox 163 2934 858 3018; baseline -0.004 -15"><span class='ocrx_word' id='word_1_151' title='bbox 163 2955 234 3003; x_wconf 86' lang='lat' dir='ltr'>esse</span> <span class='ocrx_word' id='word_1_152' title='bbox 255 2936 384 3001; x_wconf 88' lang='lat' dir='ltr'>infinitis</span> <span class='ocrx_word' id='word_1_153' title='bbox 407 2934 560 3000; x_wconf 86' lang='lat' dir='ltr'>distantia</span> <span class='ocrx_word' id='word_1_154' title='bbox 582 2937 707 3000; x_wconf 89' lang='lat' dir='ltr'>semina</span> <span class='ocrx_word' id='word_1_155' title='bbox 728 2936 858 3018; x_wconf 87' lang='lat' dir='ltr'>formis,</span> 
     </span>
     <span class='ocr_line' id='line_1_25' title="bbox 163 3049 868 3133; baseline -0.004 -14"><span class='ocrx_word' id='word_1_156' title='bbox 163 3071 203 3119; x_wconf 89' lang='lat' dir='ltr'>ne</span> <span class='ocrx_word' id='word_1_157' title='bbox 226 3050 388 3132; x_wconf 90' lang='lat' dir='ltr'>quaedam</span> <span class='ocrx_word' id='word_1_158' title='bbox 411 3069 510 3133; x_wconf 87' lang='lat' dir='ltr'>cogas</span> <span class='ocrx_word' id='word_1_159' title='bbox 533 3049 652 3114; x_wconf 89' lang='lat' dir='ltr'>inmani</span> <span class='ocrx_word' id='word_1_160' title='bbox 674 3051 868 3117; x_wconf 86' lang='lat' dir='ltr'>maximitate</span> 
     </span>
     <span class='ocr_line' id='line_1_26' title="bbox 163 3163 1060 3249; baseline -0.002 -19"><span class='ocrx_word' id='word_1_161' title='bbox 163 3184 256 3240; x_wconf 87' lang='lat' dir='ltr'>esse,</span> <span class='ocrx_word' id='word_1_162' title='bbox 272 3184 369 3248; x_wconf 89' lang='lat' dir='ltr'>supra</span> <span class='ocrx_word' id='word_1_163' title='bbox 392 3163 478 3247; x_wconf 92' lang='lat' dir='ltr'>quod</span> <span class='ocrx_word' id='word_1_164' title='bbox 500 3165 565 3229; x_wconf 90' lang='lat' dir='ltr'>iam</span> <span class='ocrx_word' id='word_1_165' title='bbox 589 3166 681 3232; x_wconf 94' lang='lat' dir='ltr'>docui</span> <span class='ocrx_word' id='word_1_166' title='bbox 705 3187 768 3231; x_wconf 91' lang='lat' dir='ltr'>non</span> <span class='ocrx_word' id='word_1_167' title='bbox 790 3185 887 3249; x_wconf 89' lang='lat' dir='ltr'>posse</span> <span class='ocrx_word' id='word_1_168' title='bbox 910 3165 1060 3249; x_wconf 89' lang='lat' dir='ltr'>probari.</span> 
     </span>
     <span class='ocr_line' id='line_1_27' title="bbox 89 3279 1042 3361; baseline -0.004 -13"><span class='ocrx_word' id='word_1_169' title='bbox 89 3300 140 3348; x_wconf 82' lang='lat'>500</span> <span class='ocrx_word' id='word_1_170' title='bbox 164 3279 228 3343; x_wconf 91' lang='lat' dir='ltr'>iam</span> <span class='ocrx_word' id='word_1_171' title='bbox 250 3279 308 3344; x_wconf 91' lang='lat' dir='ltr'>tibi</span> <span class='ocrx_word' id='word_1_172' title='bbox 331 3279 520 3346; x_wconf 88' lang='lat' dir='ltr'>barbaricae</span> <span class='ocrx_word' id='word_1_173' title='bbox 543 3289 649 3348; x_wconf 86' lang='lat' dir='ltr'>vestes</span> <span class='ocrx_word' id='word_1_174' title='bbox 672 3281 893 3361; x_wconf 89' lang='lat' dir='ltr'>Meliboeaque</span> <span class='ocrx_word' id='word_1_175' title='bbox 914 3280 1042 3360; x_wconf 86' lang='lat' dir='ltr'>fulgens</span> 
     </span>
     <span class='ocr_line' id='line_1_28' title="bbox 164 3393 983 3478; baseline 0.002 -22"><span class='ocrx_word' id='word_1_176' title='bbox 164 3414 306 3478; x_wconf 85' lang='lat' dir='ltr'>purpura</span> <span class='ocrx_word' id='word_1_177' title='bbox 323 3393 513 3461; x_wconf 78' lang='lat' dir='ltr'>Thessalico</span> <span class='ocrx_word' id='word_1_178' title='bbox 537 3395 730 3460; x_wconf 88' lang='lat' dir='ltr'>concharum</span> <span class='ocrx_word' id='word_1_179' title='bbox 751 3401 835 3460; x_wconf 88' lang='lat' dir='ltr'>tacta</span> <span class='ocrx_word' id='word_1_180' title='bbox 857 3395 983 3477; x_wconf 89' lang='lat' dir='ltr'>colore,</span> 
     </span>
     <span class='ocr_line' id='line_1_29' title="bbox 165 3509 878 3593; baseline 0.003 -21"><span class='ocrx_word' id='word_1_181' title='bbox 165 3528 285 3592; x_wconf 87' lang='lat' dir='ltr'>aurea,</span> <span class='ocrx_word' id='word_1_182' title='bbox 301 3530 461 3593; x_wconf 89' lang='lat' dir='ltr'>pavonum</span> <span class='ocrx_word' id='word_1_183' title='bbox 485 3509 600 3574; x_wconf 87' lang='lat' dir='ltr'>ridenti</span> <span class='ocrx_word' id='word_1_184' title='bbox 622 3509 745 3574; x_wconf 86' lang='lat' dir='ltr'>imitata</span> <span class='ocrx_word' id='word_1_185' title='bbox 767 3510 878 3593; x_wconf 89' lang='lat' dir='ltr'>lepore</span> 
     </span>
     <span class='ocr_line' id='line_1_30' title="bbox 165 3623 986 3709; baseline -0.004 -20"><span class='ocrx_word' id='word_1_186' title='bbox 165 3624 294 3702; x_wconf 84' lang='lat' dir='ltr'>saecla,</span> <span class='ocrx_word' id='word_1_187' title='bbox 310 3643 393 3688; x_wconf 90' lang='lat' dir='ltr'>novo</span> <span class='ocrx_word' id='word_1_188' title='bbox 416 3637 519 3688; x_wconf 83' lang='lat' dir='ltr'>rerum</span> <span class='ocrx_word' id='word_1_189' title='bbox 543 3631 694 3709; x_wconf 88' lang='lat' dir='ltr'>superata</span> <span class='ocrx_word' id='word_1_190' title='bbox 716 3623 822 3688; x_wconf 83' lang='lat' dir='ltr'>colore</span> <span class='ocrx_word' id='word_1_191' title='bbox 845 3624 986 3693; x_wconf 81' lang='lat' dir='ltr'>iacerent</span> 
     </span>
     <span class='ocr_line' id='line_1_31' title="bbox 166 3738 1059 3826; baseline -0.001 -22"><span class='ocrx_word' id='word_1_192' title='bbox 166 3746 198 3805; x_wconf 92' lang='lat' dir='ltr'>et</span> <span class='ocrx_word' id='word_1_193' title='bbox 220 3746 420 3822; x_wconf 89' lang='lat' dir='ltr'>contemptus</span> <span class='ocrx_word' id='word_1_194' title='bbox 443 3738 521 3804; x_wconf 91' lang='lat' dir='ltr'>odor</span> <span class='ocrx_word' id='word_1_195' title='bbox 542 3760 692 3826; x_wconf 87' lang='lat' dir='ltr'>smyrnae</span> <span class='ocrx_word' id='word_1_196' title='bbox 715 3739 883 3821; x_wconf 91' lang='lat' dir='ltr'>mellisque</span> <span class='ocrx_word' id='word_1_197' title='bbox 906 3756 1059 3821; x_wconf 86' lang='lat' dir='ltr'>sapores,</span> 
     </span>
    </p>
   </div>
   <div class='ocr_carea' id='block_1_3' title="bbox 167 4035 1330 4282">
    <p class='ocr_par' dir='ltr' id='par_1_3' title="bbox 167 4035 1330 4282">
     <span class='ocr_line' id='line_1_32' title="bbox 167 4035 1293 4109; baseline -0.002 -19"><span class='ocrx_word' id='word_1_198' title='bbox 167 4043 219 4092; x_wconf 88' lang='grc'>483</span> <span class='ocrx_word' id='word_1_199' title='bbox 238 4041 264 4088; x_wconf 90' lang='grc'>10</span> <span class='ocrx_word' id='word_1_200' title='bbox 283 4041 371 4090; x_wconf 89' lang='lat' dir='ltr'>eadem</span> <span class='ocrx_word' id='word_1_201' title='bbox 389 4055 441 4089; x_wconf 87' lang='lat' dir='ltr'>una</span> <span class='ocrx_word' id='word_1_202' title='bbox 461 4036 474 4108; x_wconf 85' lang='grc' dir='ltr'>ΙΙ</span> <span class='ocrx_word' id='word_1_203' title='bbox 494 4043 640 4108; x_wconf 78' lang='grc'>48670010</span> <span class='ocrx_word' id='word_1_204' title='bbox 661 4039 673 4109; x_wconf 80' lang='grc' dir='ltr'>Η</span> <span class='ocrx_word' id='word_1_205' title='bbox 693 4043 745 4091; x_wconf 81' lang='grc'>488</span> <span class='ocrx_word' id='word_1_206' title='bbox 764 4048 916 4090; x_wconf 85' lang='lat' dir='ltr'>transmutas</span> <span class='ocrx_word' id='word_1_207' title='bbox 935 4035 949 4106; x_wconf 72' lang='grc'>17</span> <span class='ocrx_word' id='word_1_208' title='bbox 969 4041 1020 4088; x_wconf 87' lang='grc'>489</span> <span class='ocrx_word' id='word_1_209' title='bbox 1038 4038 1186 4088; x_wconf 90' lang='lat' dir='ltr'>Omuimodi</span> <span class='ocrx_word' id='word_1_210' title='bbox 1207 4037 1219 4104; x_wconf 76' lang='grc' dir='ltr'>Η</span> <span class='ocrx_word' id='word_1_211' title='bbox 1240 4040 1293 4088; x_wconf 84' lang='grc'>495</span> 
     </span>
     <span class='ocr_line' id='line_1_33' title="bbox 168 4124 1330 4204; baseline -0.003 -26"><span class='ocrx_word' id='word_1_212' title='bbox 168 4128 304 4192; x_wconf 86' lang='lat' dir='ltr'>augimen.</span> <span class='ocrx_word' id='word_1_213' title='bbox 326 4125 339 4193; x_wconf 82' lang='grc' dir='ltr'>ΙΙ</span> <span class='ocrx_word' id='word_1_214' title='bbox 359 4129 409 4175; x_wconf 81' lang='grc'>497</span> <span class='ocrx_word' id='word_1_215' title='bbox 424 4127 520 4179; x_wconf 85' lang='grc'>7007700</span> <span class='ocrx_word' id='word_1_216' title='bbox 539 4126 553 4198; x_wconf 69' lang='lat' dir='ltr'>ll</span> <span class='ocrx_word' id='word_1_217' title='bbox 573 4133 623 4180; x_wconf 79' lang='lat'>499</span> <span class='ocrx_word' id='word_1_218' title='bbox 637 4129 760 4194; x_wconf 85' lang='lat' dir='ltr'>probare.</span> <span class='ocrx_word' id='word_1_219' title='bbox 781 4125 794 4194; x_wconf 75' lang='grc'>17</span> <span class='ocrx_word' id='word_1_220' title='bbox 815 4130 864 4178; x_wconf 81' lang='grc'>501</span> <span class='ocrx_word' id='word_1_221' title='bbox 879 4134 947 4178; x_wconf 84' lang='lat' dir='ltr'>tecta</span> <span class='ocrx_word' id='word_1_222' title='bbox 966 4124 979 4195; x_wconf 72' lang='grc'>77</span> <span class='ocrx_word' id='word_1_223' title='bbox 1001 4129 1051 4177; x_wconf 77' lang='lat'>502</span> <span class='ocrx_word' id='word_1_224' title='bbox 1065 4126 1149 4179; x_wconf 88' lang='lat' dir='ltr'>rident</span> <span class='ocrx_word' id='word_1_225' title='bbox 1160 4126 1258 4175; x_wconf 83' lang='lat' dir='ltr'>imbuta</span> <span class='ocrx_word' id='word_1_226' title='bbox 1278 4124 1292 4194; x_wconf 84' lang='grc' dir='ltr'>ΙΙ</span> <span class='ocrx_word' id='word_1_227' title='bbox 1327 4198 1330 4204; x_wconf 20' lang='lat'>⁸</span> 
     </span>
     <span class='ocr_line' id='line_1_34' title="bbox 171 4212 495 4282; baseline -0.009 -14"><span class='ocrx_word' id='word_1_228' title='bbox 171 4217 222 4268; x_wconf 77' lang='lat'>503</span> <span class='ocrx_word' id='word_1_229' title='bbox 241 4230 308 4264; x_wconf 86' lang='grc'>0070</span> <span class='ocrx_word' id='word_1_230' title='bbox 327 4212 341 4282; x_wconf 77' lang='grc'>17</span> <span class='ocrx_word' id='word_1_231' title='bbox 361 4215 412 4262; x_wconf 77' lang='grc'>704</span> <span class='ocrx_word' id='word_1_232' title='bbox 430 4213 495 4265; x_wconf 85' lang='grc'>07107</span> 
     </span>
    </p>
   </div>
   <div class='ocr_carea' id='block_1_4' title="bbox 0 0 1395 4658">
    <p class='ocr_par' dir='ltr' id='par_1_4' title="bbox 0 0 1395 4658">
     <span class='ocr_line' id='line_1_35' title="bbox 0 0 1395 4658; baseline 0 0"><span class='ocrx_word' id='word_1_233' title='bbox 0 0 1395 4658; x_wconf 95' lang='lat' dir='ltr'> </span> 
     </span>
    </p>
   </div>
  </div>
 </body>
</html>
