2744 4658
160 258 220 324 los
700 248 744 318 lll

160 433 191 491 ct
212 427 263 492 vel
286 431 320 490 ut
343 432 417 491 ante
440 432 510 492 uoto
534 426 580 489 nil
602 431 744 510 tempore
767 425 924 490 sensimus
946 425 1054 510 aegri,

158 542 201 606 ad
225 540 459 624 confligendum
481 541 682 606 venientibus
703 540 843 621 undique
864 539 1003 618 Poenis,

158 657 266 721 omnia
289 676 360 721 oum
384 655 460 720 belli
481 654 608 739 trepido
632 674 788 720 concussa
810 654 943 719 tumultu

86 790 135 838 aaa
161 771 292 836 horrida
314 777 531 836 contremuere
554 771 612 834 sub
635 770 708 835 altis
730 768 867 835 aetheris
890 770 974 849 oris,

157 887 190 950 in
214 886 375 968 dubioque
398 885 488 950 fuere
511 891 651 949 utrorum
674 886 715 949 ad
738 903 840 967 regna
863 884 1040 949 cadendum

159 1000 306 1065 omnibus
327 1001 474 1064 humanis
497 1005 582 1066 esset
603 1007 750 1082 terraque
774 999 938 1081 marique,

162 1114 227 1193 sic,
244 1114 298 1179 ubi
320 1135 382 1179 non
405 1115 542 1200 erimus,
559 1135 629 1180 cum
652 1113 796 1198 corporis
818 1120 913 1195 atque
935 1113 1054 1180 animai

160 1228 329 1295 discidium
353 1229 467 1314 fuerit,
486 1231 601 1313 quibus
623 1250 640 1294 e
664 1249 772 1294 sumus
795 1228 897 1293 uniter
919 1228 1004 1314 apti,

87 1365 138 1412 840
164 1345 304 1421 scilicet,
322 1344 406 1409 haud
430 1345 522 1410 nobis
545 1346 734 1427 quicquam,
751 1344 804 1425 qui
825 1364 890 1407 non
912 1345 1028 1410 erimus
1049 1350 1136 1423 tum,

159 1459 303 1523 accidere
326 1459 454 1523 omnino
477 1461 593 1544 poterit
613 1479 805 1540 sensumque
827 1480 975 1538 movere,

157 1593 223 1638 non
244 1574 270 1638 si
294 1579 377 1637 terra
400 1575 480 1638 mari
502 1573 685 1639 miscebitur
707 1580 738 1637 et
760 1593 848 1638 mare
872 1575 982 1639 eaelo.

160 1694 191 1751 et
213 1687 240 1752 si
262 1688 326 1751 iam
349 1695 456 1753 nostro
479 1688 573 1753 sentit
586 1687 636 1760 ,dc
660 1706 811 1772 corpore,
828 1693 901 1772 post
923 1709 1020 1770 quam

158 1803 357 1882 distractast,
374 1803 472 1868 animi
494 1809 609 1867 natura
631 1802 823 1884 animaeque
845 1809 1007 1887 potestas,

83 1938 132 1985 848
158 1918 203 1982 nil
226 1925 332 1983 tamen
356 1926 404 1983 est
425 1919 467 1983 ad
489 1939 568 1996 noe,
587 1918 642 2001 qui
664 1925 791 2003 comptu
814 1919 1026 2000 coniugioque

156 2033 299 2117 corporis
322 2039 419 2116 atque
443 2035 568 2099 animae
591 2033 794 2099 consistimus
815 2035 919 2099 uniter
941 2034 1028 2118 apti.

158 2168 236 2225 nec,
253 2148 280 2212 si
304 2149 468 2213 materiem
491 2155 631 2213 nostram
655 2148 821 2232 collegerit
842 2155 932 2212 actas

156 2270 231 2347 post
253 2263 374 2327 obitum
397 2283 585 2350 rursumque
607 2263 767 2347 redegerit
789 2269 823 2328 ut
845 2264 906 2328 sita
928 2266 1020 2329 nunc'
1034 2270 1101 2343 est,

156 2384 251 2459 atque
273 2379 387 2443 iterum
409 2377 503 2442 nobis
525 2378 641 2443 suerint
663 2378 738 2443 data
758 2379 881 2444 lumina
902 2379 1006 2464 vitae,

82 2512 133 2559 ooo
158 2492 315 2575 pertineat
337 2493 506 2574 quicquam
529 2500 635 2558 tamen
658 2494 700 2558 ad
723 2515 782 2560 nos
804 2495 836 2557 id
861 2513 988 2578 quoque
1009 2494 1148 2581 factum,

157 2607 332 2691 interrupta
355 2607 455 2672 semel
478 2625 548 2673 cum
571 2610 611 2674 sit
632 2610 802 2674 retinentia
824 2610 943 2674 nostri.

160 2727 192 2788 et
212 2721 364 2787 nunc·nil
388 2723 430 2788 ad
453 2743 513 2788 nos
535 2725 576 2789 de
598 2725 691 2791 nobis
715 2725 847 2808 attinet,
865 2732 940 2790 ante

160 2837 214 2920 qui
237 2837 374 2915 fuimus,
391 2857 496 2920 neque
518 2841 582 2904 iam
606 2842 646 2906 de
669 2841 734 2904 illis
758 2859 816 2906 nos
839 2839 945 2905 adiicit
968 2861 1091 2924 angor.

157 2974 231 3018 nam
256 2974 326 3018 cum
349 2942 505 3036 respicias
526 2955 663 3020 inmensi
686 2955 838 3040 temporis
861 2975 954 3021 omne

83 3093 132 3140 855
157 3069 365 3156 praetonltum
388 3069 546 3155 spatium,
563 3078 629 3135 turn
652 3076 756 3137 motus
779 3071 925 3136 materiai

159 3185 352 3251 multimodis
376 3207 472 3267 quarn
495 3186 577 3265 sint,
593 3186 687 3252 facile
710 3186 770 3251 hoc
793 3168 1114 3281 adcredere-possis,

159 3301 281 3367 semina
303 3321 403 3386 saepe
425 3304 458 3366 in
481 3302 595 3367 eodem
609 3354 616 3381 ‚
632 3307 666 3365 ut
687 3322 772 3366 nunc
794 3307 887 3386 sunt,
905 3301 1016 3367 ordine
1039 3308 1132 3386 posta

83 3441 133 3487 868
158 3416 240 3482 haec
263 3417 397 3501 eadem,
415 3418 530 3501 quibus
552 3437 570 3482 e
594 3436 677 3481 nunc
699 3439 758 3483 nos
780 3437 909 3500 sumus,
926 3423 999 3482 ants
1021 3417 1141 3484 fuisse:

82 3554 133 3601 858
159 3552 218 3597 nec
239 3532 373 3597 memori
395 3538 502 3598 tamen
524 3533 558 3597 id
582 3533 708 3616 quimus
731 3532 987 3618 repraehendere
1010 3539 1137 3598 mento:

159 3649 242 3712 inter
265 3647 349 3711 enirn
370 3647 485 3714 iectast
501 3650 578 3713 vitai
600 3669 721 3733 pausa,
738 3667 884 3733 vageque

82 3785 133 3835 sco
159 3762 348 3827 deerrarunt
369 3764 488 3848 passim
511 3772 616 3830 motus
639 3765 679 3829 ab
702 3763 849 3829 sensibus
872 3782 1002 3828 omnes.

157 3879 255 3944 debet
277 3880 383 3957 enim,
400 3881 514 3946 misere
538 3879 565 3945 si
588 3877 669 3945 sorte
692 3897 852 3964 aegreque
875 3878 1062 3958 futurumst,

162 4154 212 4202 835
231 4152 316 4202 auris.
337 4147 350 4219 Η
371 4151 422 4199 844
433 4148 575 4199 Distractas
595 4146 608 4216 Η
628 4151 676 4199 851
697 4149 811 4214 repentia
829 4148 937 4198 nostris.
958 4145 971 4217 ΙΙ
992 4152 1042 4201 853
1063 4149 1146 4200 sumus
1167 4146 1181 4220 Η
1200 4165 1281 4218 neque

161 4239 302 4290 omissum.
329 4235 343 4306 Η
364 4236 454 4302 adtigit
475 4232 488 4306 Η
509 4239 559 4287 856
577 4237 725 4287 Multimodi
746 4234 759 4305 ll
779 4239 827 4286 861
848 4237 962 4290 miserest
