2744 4658
697 285 713 349 1

72 481 119 525 115
144 481 185 524 an
209 461 361 524 tenebras
385 459 457 524 Orci
481 460 563 522 visat
584 464 760 539 vastasque
782 457 938 534 lacunas,

145 596 187 637 an
210 574 351 656 pecudes
375 573 458 637 alias
483 573 634 637 divinitus
657 573 796 636 insinuet
818 590 874 645 se,

145 688 266 750 Ennius
289 692 322 749 ut
344 694 453 751 noster
477 688 610 763 cecinit,
635 687 686 768 qni
710 687 830 768 primus
856 707 994 751 amoeno

146 802 258 866 detulit
281 822 320 866 cx
344 802 501 868 Helicone
520 804 650 901 perenni
674 800 788 865 fronde
811 820 983 871 coronam,

144 917 328 1002 pergentis
351 917 449 981 Italas
472 916 635 980 hominum
659 911 742 997 qnae
765 916 853 979 clara
875 915 1014 993 cluerct;

71 1057 120 1100 rao
144 1033 204 1097 etsi
226 1039 393 1116 praeterea
415 1037 521 1096 tamen
544 1048 616 1096 esse
639 1030 817 1095 Acherusia
844 1030 963 1113 templa

143 1149 265 1212 Ennius
288 1148 428 1211 aeternis
452 1147 583 1229 exponit
604 1145 751 1209 versibus
774 1145 900 1220 eidem,

144 1284 207 1348 quo
231 1282 336 1343 neque
359 1266 573 1344 permancant
595 1260 722 1324 animae
745 1279 849 1342 neque
873 1279 1009 1343 corpora
1031 1268 1159 1331 nostra,

143 1375 200 1441 scd
223 1379 379 1456 quaedam
407 1377 579 1440 simulacra
601 1374 707 1438 modis
729 1374 888 1458 pallentia
910 1375 1018 1456 miris3

144 1491 230 1555 undo
254 1491 315 1555 sibi
339 1498 482 1554 exortam
506 1508 633 1573 semper
653 1490 795 1555 florentis
819 1491 949 1555 Homeri

72 1630 121 1674 ras
146 1613 376 1671 commemorat
398 1605 539 1689 speciem
565 1606 715 1669 lacrimas
736 1605 902 1670 effundere
926 1606 1031 1670 salsas

145 1724 289 1806 coepisse
312 1730 342 1786 et
366 1741 469 1785 rerum
493 1728 640 1784 naturam
664 1719 848 1804 expandere
872 1720 984 1784 dictis.

143 1857 207 1917 qua
229 1842 359 1918 propter
382 1835 465 1900 bene
490 1855 562 1900 cunr
585 1835 709 1918 superis
732 1837 772 1898 dc
796 1835 891 1898 rebus
914 1836 1065 1899 habenda

143 1950 237 2014 nobis
261 1957 308 2012 cst
331 1951 432 2021 ratio,
458 1950 535 2013 solis
558 1950 719 2029 lunaeque
742 1954 865 2011 meatus

148 2083 211 2147 qna
232 2065 311 2127 fiant
332 2064 477 2139 rationo,
501 2070 531 2128 et
554 2063 670 2144 quavi
695 2081 840 2143 quaeque
862 2070 1014 2146 gerantur

73 2201 120 2246 rao
144 2180 175 2242 in
198 2180 309 2262 tcrris,
333 2186 397 2242 tum
422 2200 492 2244 cum
516 2178 628 2262 primis
653 2177 777 2241 ratione
801 2178 910 2261 sagaci

143 2294 227 2358 unde
250 2295 358 2358 anima
381 2301 475 2374 atque
499 2293 594 2356 animi
619 2298 744 2358 constet
765 2300 881 2357 natura
903 2292 1096 2374 videndum,

144 2413 175 2471 et
197 2428 280 2488 quac
304 2428 355 2472 res
378 2410 469 2473 nobis
492 2408 698 2490 vigilantibus
722 2408 817 2472 obvia
836 2413 959 2472 mentes

146 2521 294 2586 terrificet
318 2523 426 2585 morbo
451 2521 584 2585 adfectis
607 2542 783 2604 somnoque
806 2522 958 2606 sepultis,

145 2656 276 2702 cernere
300 2636 343 2699 nti
366 2636 532 2700 videamur
556 2654 611 2700 eos
634 2635 810 2717 audireque
832 2657 960 2729 coram,

71 2774 120 2819 rso
145 2757 244 2815 morte
268 2752 356 2816 obita
379 2772 511 2832 qnorum
537 2751 631 2815 tetius
655 2751 855 2833 amplectitur
877 2771 969 2814 ossa.

185 2869 255 2930 Nec
277 2886 327 2930 me
350 2867 447 2930 animi
470 2867 553 2930 fallit
576 2866 744 2930 Graiorum
768 2866 906 2931 obscura
929 2870 1053 2947 reperta

144 2982 272 3046 ctit'ticilc
296 2981 467 3046 inlustrare
491 2982 611 3045 Latinis
634 2981 779 3045 versibus
801 3001 891 3064 csse,

145 3097 244 3160 multa
266 3097 358 3160 novis
381 3095 487 3159 verbis
511 3097 698 3178 praesertim
721 3117 792 3160 cnm
815 3098 854 3160 sit
877 3096 1040 3177 agendum

145 3217 272 3295 propter
295 3217 470 3292 egestatem
493 3211 624 3293 linguae
647 3217 677 3273 ct
700 3230 802 3274 rernm
828 3212 1019 3276 novitatem:

72 3340 122 3390 rut
147 3326 204 3389 scd
226 3332 282 3391 tua
305 3347 355 3390 mc
378 3327 478 3390 virtus
501 3332 608 3390 tamen
632 3331 663 3390 ct
685 3332 812 3409 sperata
834 3307 980 3409 voluptas

145 3441 253 3504 suavis
275 3442 432 3505 amicitiae
456 3439 601 3521 quemvis
624 3441 755 3505 sufferre
778 3442 920 3505 laborem

146 3555 260 3620 suadet
283 3561 314 3620 ct
336 3557 457 3619 inducit
478 3562 588 3619 noctes
611 3555 743 3638 vigilare
766 3577 916 3629 serenas,

147 3677 350 3750 quaerentem
375 3671 467 3733 dictis
490 3670 605 3751 quibus
629 3680 660 3735 et
683 3692 745 3751 quo
769 3671 908 3735 carmine
931 3669 1057 3733 demum

146 3784 235 3848 clara
257 3792 330 3848 tuac
352 3784 472 3868 possim
493 3784 715 3867 praepandere
736 3784 857 3848 lumina
879 3785 995 3867 monti,

72 3919 122 3966 111
146 3920 198 3963 rcs
220 3899 336 3982 quibus
358 3898 498 3964 occultas
518 3898 645 3981 penitus
668 3900 831 3964 convisere
854 3899 979 3982 possis.

188 4014 282 4077 Hunc
304 4014 399 4095 igitur
422 4020 572 4077 terrorem
597 4013 695 4077 animi
716 4014 931 4094 tenebrasque
953 4016 1116 4076 necessest

148 4265 194 4313 121
218 4259 313 4311 edens.
333 4256 347 4327 tt
369 4263 417 4310 126
436 4261 566 4331 coepisset
584 4276 667 4313 rerum
687 4257 700 4329 ΙΙ
722 4264 772 4341 1310
791 4271 850 4312 tuuc
870 4258 884 4329 ΙΙ
905 4264 953 4311 141
973 4261 1061 4311 efferre
