2744 4658
170 218 230 283 128
698 210 756 275 1111

169 383 425 465 quandoquidem
449 383 563 464 longos
587 383 691 447 obitus
715 389 827 448 exorta
850 383 1012 467 revisunt,

168 519 237 564 euru
259 518 431 582 permensa
453 519 510 565 suo
534 502 606 564 sunt
629 499 751 562 eaelum
774 517 907 582 corpore
930 498 1036 563 olaro.

91 637 141 686 000
166 615 278 696 solque
301 614 372 697 pari
393 614 517 678 ratione
539 633 667 678 manere
691 618 722 678 et
742 613 819 677 luna
840 613 987 679 videntur

165 732 197 797 in
221 730 379 813 statione,
397 749 436 793 ea
459 749 542 811 quae
564 728 641 793 ferri
664 748 714 793 res
736 729 858 795 indioat
880 730 971 813 ipsa.

168 852 297 913 exstant
318 864 419 926 usque
441 844 550 928 procul
573 843 679 909 medio
703 844 743 908 de
764 845 889 927 gurgite
913 845 1048 928 montis,

168 962 324 1027 classibus
346 960 428 1024 iuter
452 979 532 1040 quos
554 960 635 1023 liber
657 964 746 1042 patet
768 959 871 1024 exitus
894 959 1026 1042 ingens:

166 1077 273 1142 insula
295 1075 471 1140 coniunctis
493 1080 601 1140 tamen
624 1094 663 1138 ex
686 1074 737 1139 his
759 1096 824 1140 una
844 1075 989 1153 yidetur.

91 1214 142 1263 400
168 1192 250 1257 atria
272 1192 395 1256 versari
418 1196 449 1256 et
472 1177 588 1255 oiroum
613 1210 743 1256 cursare
767 1190 952 1266 columnae,

166 1327 267 1389 usque
290 1305 372 1372 adeo
395 1306 430 1369 fit
452 1305 497 1370 uti
519 1306 628 1390 pueris
651 1304 838 1391 videantur,
855 1307 909 1372 ubi
933 1306 994 1389 ipsi

169 1422 331 1487 desierunt
352 1421 450 1498 verti,
467 1421 519 1486 vix
542 1422 659 1485 utiam
682 1422 812 1486 eredere
835 1422 959 1505 possint

167 1557 231 1601 non
255 1556 350 1619 supra
376 1555 447 1600 sese
471 1556 563 1601 ruere
586 1537 693 1600 omnia
716 1544 800 1602 10010
823 1539 955 1602 minari.

168 1653 294 1733 iamque
318 1652 446 1714 rubrum
469 1651 611 1716 tremulis
634 1652 728 1716 iubar
749 1652 877 1735 ignibus
901 1653 1024 1732 erigere
1047 1652 1112 1717 alte

93 1789 143 1836 400
169 1788 241 1832 oum
264 1771 391 1849 coeptat
412 1771 526 1830 natura
549 1787 711 1852 supraque
734 1766 887 1832 extollere
910 1774 1054 1844 montes,

170 1905 251 1967 quos
272 1882 328 1947 tibi
351 1888 418 1945 tum
440 1902 538 1965 supra
560 1883 608 1947 sol
631 1884 746 1949 montis
769 1903 841 1949 esse
864 1883 989 1948 videtur

170 1999 345 2064 comminus
368 1997 438 2082 ipse
462 2019 519 2063 000
543 1998 731 2083 contingens
753 1999 893 2064 fervidus
915 1997 1001 2082 igni,

168 2115 220 2178 vix
244 2115 361 2178 absunt
383 2113 475 2178 nobis
498 2114 613 2177 missus
636 2115 685 2178 bis
706 2114 792 2178 mille
815 2114 973 2195 sagittae,

168 2229 221 2293 vix
245 2230 339 2293 etiam
362 2248 473 2292 sursus
496 2228 688 2309 quingentos
710 2249 811 2313 saepe
833 2229 955 2294 veruti:

93 2365 144 2412 410
169 2345 250 2408 inter
274 2363 330 2407 eos
353 2342 517 2423 solemque
538 2343 646 2407 iacent
667 2344 821 2409 immania
843 2343 934 2428 ponti

169 2479 312 2541 aequora
335 2458 496 2522 substrata
519 2457 668 2523 aetheriis
690 2460 871 2543 ingentibus
895 2460 978 2542 oris,

169 2574 397 2655 interiectaque
419 2580 492 2638 sunt
514 2580 671 2638 terrarum
692 2575 782 2639 milia
804 2575 922 2659 multa,

170 2709 252 2771 quae
274 2689 383 2753 variae
405 2688 541 2752 retinent
563 2697 675 2771 gentes
699 2696 730 2755 et
751 2691 861 2756 000010
883 2691 1042 2755 ferarum.

170 2812 203 2869 at
225 2804 387 2870 eouleotus
410 2823 512 2884 aquae
535 2803 668 2885 digitum
693 2827 757 2869 non
780 2807 876 2870 altior
898 2826 1015 2883 unum,

96 2940 146 2985 415
168 2921 226 3002 Ι001
249 2919 373 3004 lapides
396 2918 477 2981 inter
500 2919 582 2982 sistit
604 2941 661 3004 per
683 2926 785 2984 strata
808 2920 947 2996 viarum,

171 3034 353 3119 despeotum
377 3037 512 3118 praebet
535 3037 593 3100 sub
616 3042 718 3101 terras
740 3036 847 3119 inpete
870 3041 977 3110 10010,

173 3170 193 3212 a
215 3149 307 3213 terris
330 3153 480 3230 quantum
504 3152 585 3214 caeli
608 3157 697 3235 patet
719 3152 802 3215 altus
825 3151 951 3228 hiatus;

95 3284 145 3332 419
171 3269 205 3326 ut
226 3284 326 3347 prope
349 3265 479 3330 miruolo
503 3268 562 3331 sub
586 3273 689 3332 terras
712 3266 821 3330 abdita
844 3266 926 3330 caeli

94 3401 145 3447 418
171 3378 279 3442 nubila
301 3355 458 3464 dispicere
483 3388 515 3446 et
537 3382 660 3446 eaelum
683 3382 815 3447 videare
838 3380 968 3446 videre.

95 3514 146 3561 400
171 3493 308 3575 denique
331 3495 384 3559 ubi
408 3496 440 3558 in
463 3495 567 3560 medio
590 3497 682 3562 nobis
706 3517 779 3561 eous
802 3517 877 3560 acer
899 3493 1047 3558 obhaesit

171 3608 299 3672 flumine
322 3610 406 3673 etin
428 3609 559 3695 rapidas
583 3611 686 3676 amnis
709 3611 912 3695 despeximus
934 3609 1060 3683 undas,

174 3723 288 3788 stantis.
309 3726 381 3807 equi
405 3745 520 3810 eorpus
542 3732 759 3807 transversum
781 3725 864 3790 ferre
885 3724 1011 3789 videtur

170 3838 218 3903 vis
242 3839 328 3903 etin
351 3838 520 3905 adversum
543 3839 660 3906 flumen
683 3840 872 3906 contrudere
894 3839 1029 3923 raptim,

174 4113 223 4161 395
242 4112 357 4160 videtur.
378 4107 391 4177 Η
413 4112 461 4158 397
476 4111 655 4175 Exstantisque
675 4110 688 4181 Η
708 4117 759 4164 400
779 4113 822 4162 ubi
844 4110 856 4182 Η
876 4117 927 4163 414
942 4113 1072 4164 coniectus
1093 4110 1105 4179 ΙΙ
1126 4116 1176 4162 417
1197 4110 1294 4182 0110011

173 4202 225 4248 419
234 4199 349 4263 Corpora
357 4198 471 4246 mirande
486 4197 598 4266 1100010.
615 4197 627 4268 11
641 4203 692 4250 418
703 4201 830 4265 despicere
844 4197 858 4270 ΙΙ
873 4203 921 4249 421
938 4200 1093 4264 dispeximus
1107 4198 1112 4269 Ι
1117 4199 1121 4266 Ι
1134 4202 1186 4249 423
1198 4201 1294 4250 fulmen
