2744 4658
651 249 696 312 Vl

108 427 142 488 ct
164 422 328 489 condensa
350 428 469 504 queant
490 440 648 503 apparere
673 428 703 486 et
725 421 820 486 simul
842 421 912 505 ipsc

104 537 225 604 vertice
248 539 288 603 de
311 539 426 604 montis
448 536 617 601 videantur
639 557 772 621 surgere
795 537 828 600 in
851 537 1018 602 aethram:

106 674 179 719 nam
202 655 274 719 lcea
298 653 442 720 declarat
465 674 589 721 sursum
613 659 744 718 ventosa
767 659 876 735 patere

104 791 156 836 res
178 769 249 854 ipsa
271 775 304 834 et
325 790 457 855 sensus,
474 770 589 835 montis
613 790 682 834 cum
706 767 908 833 ascendimus
931 768 1039 853 altos,

30 908 80 954 470
104 890 277 971 praeterea
298 888 457 970 permulta
479 884 561 951 mari
575 898 712 966 quoque
733 883 844 947 tollere
867 888 933 947 toto

106 1020 241 1084 corpora
263 1007 410 1066 naturam
434 988 600 1068 declard'nt
622 1000 715 1064 litore
737 1006 843 1065 vestes

106 1135 301 1200 suspensae,
318 1137 389 1180 cnm
412 1117 594 1202 concipiunt
619 1115 735 1192 umoris
760 1114 955 1177 adhaesum.

106 1252 171 1314 quo
194 1231 298 1314 magis
321 1231 363 1295 ad
388 1233 479 1297 nubis
502 1232 668 1317 augendas
691 1231 789 1294 multa
812 1228 957 1292 videntur

30 1326 33 1331 ’
104 1364 205 1432 posse
227 1367 354 1429 quoque
378 1340 507 1414 e-salso
531 1365 725 1428 consurgere
748 1344 886 1410 momine
908 1344 1017 1429 ponti:

31 1483 81 1531 4⁷5
108 1483 184 1528 nam
208 1464 286 1527 ratio
310 1462 581 1542 consanguineast
603 1463 768 1526 umoribus
791 1461 883 1526 ollis.

106 1564 275 1663 praeterea
297 1578 400 1644 fluviis
423 1597 464 1642 ex
486 1577 633 1642 omnibus
657 1583 689 1639 et
711 1576 805 1639 simul
827 1576 900 1660 ipsa

108 1713 240 1776 surgere
264 1692 411 1758 deterra
434 1690 568 1758 nebulas
592 1699 779 1773 aestumque
802 1692 966 1769 videmus,

108 1828 197 1892 quae
216 1810 267 1875 vel
291 1815 326 1873 ut
349 1810 444 1873 alitus
468 1794 542 1872 hinc
562 1782 608 1871 ita
631 1826 755 1871 sursum
779 1827 932 1890 expressa
953 1804 1099 1872 feruntur

112 1904 360 2007 suffunduntque
383 1944 441 1988 sua
465 1922 591 1989 eaelum
615 1922 752 2003 caligine
776 1928 806 1986 et
829 1923 910 1988 altas

37 2061 88 2110 480
111 2018 272 2107 airfficiunt
295 2039 388 2104 nubis
410 2039 567 2123 paulatim
589 2037 832 2103 conveniundoz

107 2160 200 2241 urget
222 2155 305 2220 enim
331 2174 458 2237 quoque
482 2153 627 2239 signiferi
651 2173 746 2236 super
768 2154 907 2218 aetheris
930 2161 1039 2219 aestus

106 2279 139 2338 et
160 2272 255 2354 quasi
277 2270 442 2335 densendo
467 2270 608 2335 subtexit
630 2270 759 2334 caerula
782 2269 919 2334 nimbis.

104 2386 141 2453 fit
163 2405 291 2469 quoque
314 2392 348 2449 ut
371 2385 432 2449 huc
455 2359 583 2449 veniant
604 2385 638 2447 in
662 2385 787 2449 caelum
811 2385 1006 2451 extrinsecus
1028 2386 1085 2450 illa

107 2522 243 2586 corpora
266 2521 349 2583 quae
373 2499 495 2565 iaciunt
515 2488 822 2579 dubis-nimbosque
844 2499 1002 2564 volantis:

29 2637 82 2685 485
108 2617 374 2683 innumerabilem
399 2616 481 2680 enim
504 2634 668 2678 numerum
693 2632 914 2695 summamque
936 2614 1086 2698 profundi

10 2791 12 2795 ,
109 2751 182 2797 esse
205 2732 358 2796 infinitam
383 2732 497 2814 docui,
514 2734 696 2812 quantaque
720 2730 866 2794 volarent

108 2867 241 2930 corpora
264 2849 443 2914 mobilitate
467 2840 773 2927 ostendi-quamque
797 2852 928 2927 repente

107 2962 348 3055 inmemorabile
371 2983 429 3047 per
453 2962 590 3045 spatium
612 2958 751 3026 transire
774 2961 931 3026 solerent.

107 3077 185 3141 haut
207 3078 303 3159 igitur
328 3079 489 3160 mirumst,
507 3076 533 3141 si
558 3096 656 3159 parvo
678 3084 820 3160 tempore
844 3097 941 3161 saepe

28 3213 83 3260 490
108 3198 175 3256 tam
198 3194 324 3277 magnis
347 3194 463 3257 nimbis
486 3199 659 3276 tempestas
683 3197 780 3271 atque
802 3194 955 3256 tenebrae

108 3308 274 3392 coperiant
296 3310 398 3374 maria
421 3327 458 3371 ae
480 3314 581 3371 terras
604 3309 739 3389 inpensa
762 3325 918 3390 superne,

108 3423 250 3505 undique
275 3423 534 3506 quandoquidem
558 3443 615 3506 per
638 3423 748 3486 caulas
771 3422 911 3487 aetheris
935 3423 1038 3486 omnis

110 3544 141 3602 et
164 3540 254 3619 quasi
278 3560 335 3623 per
358 3538 467 3621 magni
492 3538 608 3602 circum
633 3537 794 3621 spiracula
817 3537 925 3600 mundi

20 3744 23 3751 Ι
109 3654 215 3720 exitus
238 3655 449 3735 introitusque
471 3652 639 3718 elementis
663 3652 806 3717 redditus
830 3659 936 3717 extat.

109 3853 312 3861 ——--

112 3989 162 4036 466
183 3986 371 4050 condensatque
389 3994 444 4036 arta
463 4002 551 4051 parere
578 3982 591 4054 Η
617 3990 667 4035 467
688 3986 802 4037 videatur
827 3990 830 4053 l
865 3987 959 4037 46810
985 3985 998 4057 Η
1023 3990 1073 4039 469
1093 4004 1193 4039 sensum
1218 3987 1232 4059 Η

113 4077 163 4124 478
178 4075 253 4136 Quod
275 4073 287 4142 Η
308 4079 359 4123 474
372 4075 501 4124 mhomine
522 4073 535 4143 Η
555 4078 606 4124 475
619 4076 810 4139 consanguinea
829 4091 854 4124 se
875 4073 888 4143 Η
909 4078 1006 4126 omnis.
1028 4076 1041 4145 Η
1061 4081 1111 4127 476
1132 4079 1205 4127 flavis
1219 4076 1233 4145 Η

111 4165 160 4212 481
183 4162 258 4227 Urgit
282 4160 295 4229 Η
319 4180 380 4227 supe
405 4160 417 4232 Η
442 4165 492 4213 483
512 4164 579 4213 hunc
600 4161 612 4229 Η
633 4163 688 4211 illi.
710 4163 723 4231 Η
745 4166 795 4212 488
813 4179 858 4228 per
876 4166 1016 4215 corissum.
1037 4162 1051 4234 Η
1071 4169 1122 4215 490
1141 4167 1234 4216 montis

113 4261 236 4316 tempesta
256 4247 269 4318 Η
289 4254 338 4301 491
360 4251 498 4316 Coperiant
519 4250 530 4319 Η
552 4254 602 4301 492
623 4253 707 4301 carias
