2678 4658
612 237 657 301 VI

66 405 239 472 diffindens
263 413 380 471 terram
403 429 553 491 magnum
577 409 749 473 concinnat
771 409 911 473 hiatum.

7 545 44 591 cs
67 522 101 586 in
124 522 221 606 Syria
242 522 363 588 Sidone
387 526 471 606 qnod
495 523 613 588 accidit
636 532 667 587 ct
688 523 748 586 fuit
770 525 851 605 Aegi

66 638 102 702 in
122 638 369 723 Peloponneso,
387 660 469 721 quas
492 639 596 703 exitus
621 638 673 703 hic
695 640 813 703 animai

65 752 226 818 disturbat
248 754 343 818 urbes
367 759 398 818 et
421 761 525 819 terrac
548 761 653 818 motus
676 755 828 819 obortus:

65 868 233 950 multaque
257 875 426 951 praeterea
450 870 634 935 ecciderunt
658 869 786 934 moenia
808 870 934 952 magnis

65 983 209 1048 motibus
230 983 263 1047 in
287 984 399 1060 terris,
416 992 448 1050 et
470 986 589 1049 multae
612 1005 670 1070 per
693 1005 783 1049 mare
805 1004 935 1068 pessum

9 1121 42 1167 so
69 1097 248 1164 subsedere
271 1101 337 1164 suis
359 1100 479 1185 pariter·
502 1120 573 1164 cunr
596 1101 718 1165 civibus
741 1100 857 1164 urbes.

64 1212 240 1296 quodnisi
264 1215 459 1300 prorumpit,
476 1222 583 1280 tamen
608 1215 746 1297 impetus
771 1214 840 1296 ipse
863 1214 983 1279 animai

66 1337 102 1395 et
123 1331 195 1394 scra
218 1328 266 1393 vis
288 1330 371 1393 venti
395 1350 452 1412 per·
476 1331 589 1395 erebra
611 1329 771 1394 foramina
793 1335 898 1394 terrae

63 1445 254 1530 dispertitur·
277 1452 312 1508 ut
334 1445 445 1510 borror
467 1453 498 1510 et
520 1445 632 1510 incutit
654 1444 729 1508 indc
752 1451 940 1522 trcnroren1;

63 1561 170 1643 frigus
195 1561 238 1624 nti
262 1569 389 1626 nostros
412 1562 538 1647 penitus
561 1582 631 1625 curn
655 1561 796 1625 venitin
819 1565 927 1642 artus,

9 1696 42 1744 cs
66 1675 212 1742 concutit
234 1675 351 1742 invitos
374 1698 493 1759 cogens
515 1683 651 1740 trcmcrc
673 1682 770 1757 atque
794 1695 941 1740 movere.

64 1790 199 1874 ancipiti
223 1791 385 1876 trepidant
408 1791 502 1874 igitur
524 1797 645 1855 terrore
667 1810 724 1873 per
747 1791 854 1873 urbis,

66 1913 152 1972 tecta
175 1925 313 1989 superne
336 1907 468 1989 timent,
486 1912 631 1970 metuunt
652 1906 779 1970 inferne
802 1923 956 1970 cavernas

73 2023 165 2091 terrai
192 2039 232 2084 ne
255 2020 411 2085 dissoluat
433 2028 549 2086 natura
573 2028 725 2106 repente,

65 2159 130 2205 neu
153 2135 309 2201 distracta
333 2159 423 2202 suum
447 2138 513 2202 late
537 2137 708 2221 dispandat
729 2137 851 2202 hiatum

10 2274 39 2321 oo
64 2252 178 2335 adque
199 2251 265 2316 suis
289 2253 422 2317 confusa
443 2253 520 2318 vclit
543 2255 705 2337 complere
728 2254 846 2318 ruinis.

63 2365 205 2453 proinde
228 2367 302 2432 lieet
326 2368 469 2448 quamvis
493 2368 616 2432 caelum
641 2375 823 2449 terramque
847 2372 977 2432 reantur

64 2483 252 2566 incorrupta
275 2481 344 2545 fore
368 2488 520 2546 aeternae
544 2483 694 2546 mandata
718 2482 833 2547 saluti:

66 2605 99 2663 et
122 2605 230 2661 tamen
253 2597 335 2662 inter
358 2598 433 2661 dum
456 2617 610 2682 praesens
632 2599 680 2662 vis
702 2598 776 2681 ipsa
798 2597 910 2681 pericli

66 2712 177 2778 subdit
198 2712 293 2776 atbue
316 2713 477 2777 stimulum
501 2712 639 2795 quadam
663 2711 704 2776 de
728 2720 818 2794 parte
843 2709 985 2785 timoris,

11 2851 44 2898 os
70 2848 112 2893 ne
134 2827 270 2912 pedibus
295 2828 409 2912 raptim
433 2827 529 2893 tellus
553 2829 715 2892 subtracta
737 2828 858 2892 feratur

67 2944 104 3008 in
127 2943 333 3026 barathrum,
351 2963 519 3026 rerumque
543 2951 695 3025 sequatur
717 2942 844 3028 prodita
867 2960 993 3006 summa

68 3057 233 3137 funditus,
251 3066 282 3122 et
305 3058 361 3123 fiat
383 3059 494 3124 mnndi
513 3058 652 3124 confusa
673 3060 786 3122 ruina.

112 3174 295 3264 [Principio
318 3195 406 3238 mare
430 3175 584 3238 mirantur
607 3192 671 3236 non
694 3171 830 3236 reddere
853 3170 956 3236 maius

70 3297 238 3372 naturam,
256 3311 319 3375 quo
343 3291 383 3354 sit
405 3297 512 3356 tantus
535 3289 689 3354 decursus
712 3305 889 3370 aquarum,

12 3426 48 3475 no
71 3406 179 3473 omnia
203 3427 265 3488 quo
288 3407 418 3471 veniant
441 3426 480 3471 ex
503 3406 589 3470 omni
611 3403 743 3466 flumina
764 3407 877 3486 parte.

72 3521 159 3588 adde
181 3541 283 3604 vagos
305 3520 415 3585 imbris
437 3525 708 3604 tempestatesque
730 3517 896 3597 volantes,

71 3636 181 3704 omniu
205 3656 286 3720 quae
311 3636 413 3700 maria
436 3657 473 3700 ao
495 3642 597 3700 terras
619 3638 840 3717 sparguntque
863 3631 1050 3713 rigantque:

71 3753 157 3819 addc
181 3772 256 3817 suos
277 3751 375 3816 fontis
389 3776 396 3814 ε
412 3755 521 3816 taincn
543 3750 584 3813 ad
609 3747 704 3812 maris
728 3746 837 3810 omnia
858 3763 1014 3811 summam

71 3955 275 3964 -—-—-—-.-

74 4062 127 4112 584
145 4056 272 4107 Diffidens
297 4054 310 4122 Η
336 4059 386 4106 586
406 4071 457 4117 qna
482 4051 494 4121 Η
519 4056 570 4104 588
589 4051 715 4101 occideret
739 4047 752 4117 ΙΙ
778 4051 828 4099 589
847 4064 966 4113 possum.
987 4043 1000 4114 ii
1020 4048 1071 4097 594
1090 4052 1117 4091 ut
1135 4042 1161 4090 in
1182 4039 1195 4108 Η

72 4150 126 4199 600
152 4144 232 4207 quue
257 4140 270 4209 Η
294 4144 393 4207 comple
418 4142 432 4212 Η
456 4145 506 4192 604
530 4140 663 4190 Subdituet
687 4137 755 4186 hune
779 4133 793 4205 Η
817 4138 883 4201 purti
908 4134 921 4204 Η
946 4138 996 4186 605
1015 4131 1157 4182 substructa
1182 4125 1196 4197 Η

75 4236 127 4295 609
146 4232 246 4287 Natura¹

959 4325 997 4395 lt
