<?xml version="1.0" encoding="UTF-8"?>
<!DOCTYPE html PUBLIC "-//W3C//DTD XHTML 1.0 Transitional//EN"
    "http://www.w3.org/TR/xhtml1/DTD/xhtml1-transitional.dtd">
<html xmlns="http://www.w3.org/1999/xhtml" xml:lang="en" lang="en">
 <head>
  <title>
</title>
<meta http-equiv="Content-Type" content="text/html;charset=utf-8" />
  <meta name='ocr-system' content='tesseract 3.04.00' />
  <meta name='ocr-capabilities' content='ocr_page ocr_carea ocr_par ocr_line ocrx_word'/>
</head>
<body>
  <div class='ocr_page' id='page_1' title='image "./tlucreticarider15carugoog_0112.png"; bbox 0 0 2744 4658; ppageno 0'>
   <div class='ocr_carea' id='block_1_1' title="bbox 685 255 1267 320">
    <p class='ocr_par' dir='ltr' id='par_1_1' title="bbox 685 255 1267 320">
     <span class='ocr_line' id='line_1_1' title="bbox 685 255 1267 320; baseline 0.003 -2"><span class='ocrx_word' id='word_1_1' title='bbox 685 255 730 319; x_wconf 88' lang='lat'><strong>111</strong></span> <span class='ocrx_word' id='word_1_2' title='bbox 1207 257 1267 320; x_wconf 77' lang='lat'><strong>107</strong></span> 
     </span>
    </p>
   </div>
   <div class='ocr_carea' id='block_1_2' title="bbox 53 423 1177 3727">
    <p class='ocr_par' dir='ltr' id='par_1_2' title="bbox 69 423 1149 741">
     <span class='ocr_line' id='line_1_2' title="bbox 69 423 1149 513; baseline -0.008 -15"><span class='ocrx_word' id='word_1_3' title='bbox 69 451 118 498; x_wconf 77' lang='grc'><strong>866</strong></span> <span class='ocrx_word' id='word_1_4' title='bbox 144 429 215 513; x_wconf 87' lang='lat' dir='ltr'><strong>ipse</strong></span> <span class='ocrx_word' id='word_1_5' title='bbox 239 446 365 509; x_wconf 89' lang='lat' dir='ltr'><strong>quoque</strong></span> <span class='ocrx_word' id='word_1_6' title='bbox 388 446 459 492; x_wconf 91' lang='grc'><strong>6666</strong></span> <span class='ocrx_word' id='word_1_7' title='bbox 481 427 515 490; x_wconf 93' lang='lat' dir='ltr'><strong>in</strong></span> <span class='ocrx_word' id='word_1_8' title='bbox 538 444 578 492; x_wconf 91' lang='lat' dir='ltr'><strong>eo</strong></span> <span class='ocrx_word' id='word_1_9' title='bbox 600 432 666 490; x_wconf 91' lang='lat' dir='ltr'><strong>tum</strong></span> <span class='ocrx_word' id='word_1_10' title='bbox 689 423 1025 509; x_wconf 89' lang='lat' dir='ltr'><strong>tempore,cui1nale</strong></span> <span class='ocrx_word' id='word_1_11' title='bbox 1047 425 1149 508; x_wconf 83' lang='lat' dir='ltr'><strong>possit</strong></span> 
     </span>
     <span class='ocr_line' id='line_1_3' title="bbox 143 540 1079 624; baseline -0.003 -17"><span class='ocrx_word' id='word_1_12' title='bbox 143 540 311 607; x_wconf 88' lang='lat' dir='ltr'><strong>accidere:</strong></span> <span class='ocrx_word' id='word_1_13' title='bbox 326 541 358 606; x_wconf 91' lang='lat' dir='ltr'><strong>id</strong></span> <span class='ocrx_word' id='word_1_14' title='bbox 382 541 534 624; x_wconf 91' lang='lat' dir='ltr'><strong>quoniam</strong></span> <span class='ocrx_word' id='word_1_15' title='bbox 556 561 643 604; x_wconf 89' lang='lat' dir='ltr'><strong>mors</strong></span> <span class='ocrx_word' id='word_1_16' title='bbox 665 540 792 624; x_wconf 84' lang='lat' dir='ltr'>eximit,</span> <span class='ocrx_word' id='word_1_17' title='bbox 811 558 944 622; x_wconf 82' lang='lat' dir='ltr'>esseque</span> <span class='ocrx_word' id='word_1_18' title='bbox 966 541 1079 623; x_wconf 90' lang='lat' dir='ltr'><strong>probet</strong></span> 
     </span>
     <span class='ocr_line' id='line_1_4' title="bbox 142 655 882 741; baseline -0.003 -21"><span class='ocrx_word' id='word_1_19' title='bbox 142 656 233 721; x_wconf 86' lang='lat' dir='ltr'><strong>illurn</strong></span> <span class='ocrx_word' id='word_1_20' title='bbox 257 656 307 721; x_wconf 87' lang='lat' dir='ltr'><strong>cni</strong></span> <span class='ocrx_word' id='word_1_21' title='bbox 328 657 455 741; x_wconf 77' lang='lat' dir='ltr'><strong>possint</strong></span> <span class='ocrx_word' id='word_1_22' title='bbox 476 655 677 720; x_wconf 89' lang='lat' dir='ltr'><strong>incommoda</strong></span> <span class='ocrx_word' id='word_1_23' title='bbox 699 655 882 732; x_wconf 87' lang='lat' dir='ltr'><strong>conciliari,</strong></span> 
     </span>
    </p>

    <p class='ocr_par' dir='ltr' id='par_1_3' title="bbox 64 769 1080 1182">
     <span class='ocr_line' id='line_1_5' title="bbox 64 769 992 854; baseline -0.006 -15"><span class='ocrx_word' id='word_1_24' title='bbox 64 793 116 839; x_wconf 91' lang='grc'><strong>866</strong></span> <span class='ocrx_word' id='word_1_25' title='bbox 142 772 225 837; x_wconf 87' lang='lat' dir='ltr'><strong>scire</strong></span> <span class='ocrx_word' id='word_1_26' title='bbox 246 771 323 837; x_wconf 89' lang='lat' dir='ltr'><strong>licet</strong></span> <span class='ocrx_word' id='word_1_27' title='bbox 344 771 438 835; x_wconf 88' lang='lat' dir='ltr'><strong>nobis</strong></span> <span class='ocrx_word' id='word_1_28' title='bbox 460 771 504 834; x_wconf 89' lang='lat' dir='ltr'><strong>nil</strong></span> <span class='ocrx_word' id='word_1_29' title='bbox 527 789 598 835; x_wconf 90' lang='lat' dir='ltr'><strong>esse</strong></span> <span class='ocrx_word' id='word_1_30' title='bbox 620 771 653 835; x_wconf 93' lang='lat' dir='ltr'><strong>in</strong></span> <span class='ocrx_word' id='word_1_31' title='bbox 675 777 776 835; x_wconf 89' lang='lat' dir='ltr'><strong>morte</strong></span> <span class='ocrx_word' id='word_1_32' title='bbox 797 769 992 854; x_wconf 85' lang='lat' dir='ltr'><strong>timendum,</strong></span> 
     </span>
     <span class='ocr_line' id='line_1_6' title="bbox 141 885 1080 968; baseline -0.004 -16"><span class='ocrx_word' id='word_1_33' title='bbox 141 907 202 952; x_wconf 93' lang='lat' dir='ltr'><strong>nec</strong></span> <span class='ocrx_word' id='word_1_34' title='bbox 225 886 376 952; x_wconf 88' lang='lat' dir='ltr'><strong>miserum</strong></span> <span class='ocrx_word' id='word_1_35' title='bbox 398 885 466 950; x_wconf 91' lang='lat' dir='ltr'><strong>fieri</strong></span> <span class='ocrx_word' id='word_1_36' title='bbox 488 886 543 968; x_wconf 93' lang='lat' dir='ltr'><strong>qui</strong></span> <span class='ocrx_word' id='word_1_37' title='bbox 565 906 629 949; x_wconf 92' lang='lat' dir='ltr'><strong>non</strong></span> <span class='ocrx_word' id='word_1_38' title='bbox 653 892 701 950; x_wconf 92' lang='grc'><strong>666</strong></span> <span class='ocrx_word' id='word_1_39' title='bbox 723 905 838 968; x_wconf 90' lang='lat' dir='ltr'><strong>posse,</strong></span> <span class='ocrx_word' id='word_1_40' title='bbox 854 905 959 967; x_wconf 88' lang='lat' dir='ltr'><strong>neque</strong></span> <span class='ocrx_word' id='word_1_41' title='bbox 982 885 1080 950; x_wconf 91' lang='lat' dir='ltr'><strong>hilum</strong></span> 
     </span>
     <span class='ocr_line' id='line_1_7' title="bbox 140 999 955 1084; baseline -0.002 -19"><span class='ocrx_word' id='word_1_42' title='bbox 140 1001 271 1067; x_wconf 85' lang='lat' dir='ltr'><strong>differre</strong></span> <span class='ocrx_word' id='word_1_43' title='bbox 292 1006 367 1064; x_wconf 88' lang='lat' dir='ltr'><strong>ante</strong></span> <span class='ocrx_word' id='word_1_44' title='bbox 389 999 455 1065; x_wconf 92' lang='lat' dir='ltr'><strong>ullo</strong></span> <span class='ocrx_word' id='word_1_45' title='bbox 477 1000 570 1066; x_wconf 88' lang='lat' dir='ltr'><strong>fuerit</strong></span> <span class='ocrx_word' id='word_1_46' title='bbox 590 1001 653 1063; x_wconf 85' lang='lat' dir='ltr'><strong>iam</strong></span> <span class='ocrx_word' id='word_1_47' title='bbox 677 1006 818 1083; x_wconf 89' lang='lat' dir='ltr'><strong>tempore</strong></span> <span class='ocrx_word' id='word_1_48' title='bbox 840 1006 955 1084; x_wconf 85' lang='lat' dir='ltr'><strong>natus,</strong></span> 
     </span>
     <span class='ocr_line' id='line_1_8' title="bbox 139 1115 993 1182; baseline -0.001 -3"><span class='ocrx_word' id='word_1_49' title='bbox 139 1115 311 1181; x_wconf 82' lang='lat' dir='ltr'>mortalem</span> <span class='ocrx_word' id='word_1_50' title='bbox 332 1115 431 1180; x_wconf 89' lang='lat' dir='ltr'><strong>vitam</strong></span> <span class='ocrx_word' id='word_1_51' title='bbox 454 1136 540 1182; x_wconf 92' lang='lat' dir='ltr'><strong>mors</strong></span> <span class='ocrx_word' id='word_1_52' title='bbox 562 1136 631 1180; x_wconf 91' lang='lat' dir='ltr'><strong>cum</strong></span> <span class='ocrx_word' id='word_1_53' title='bbox 655 1115 830 1180; x_wconf 88' lang='lat' dir='ltr'><strong>inmortalis</strong></span> <span class='ocrx_word' id='word_1_54' title='bbox 853 1115 993 1179; x_wconf 85' lang='lat' dir='ltr'><strong>ademit.</strong></span> 
     </span>
    </p>

    <p class='ocr_par' dir='ltr' id='par_1_4' title="bbox 61 1228 1140 1773">
     <span class='ocr_line' id='line_1_9' title="bbox 61 1228 1140 1314; baseline -0.006 -15"><span class='ocrx_word' id='word_1_55' title='bbox 61 1252 114 1299; x_wconf 80' lang='lat' dir='ltr'><strong>cro</strong></span> <span class='ocrx_word' id='word_1_56' title='bbox 185 1229 326 1294; x_wconf 82' lang='lat' dir='ltr'><strong>Proinde</strong></span> <span class='ocrx_word' id='word_1_57' title='bbox 347 1229 402 1293; x_wconf 94' lang='lat' dir='ltr'><strong>ubi</strong></span> <span class='ocrx_word' id='word_1_58' title='bbox 424 1249 459 1294; x_wconf 91' lang='lat' dir='ltr'><strong>se</strong></span> <span class='ocrx_word' id='word_1_59' title='bbox 480 1228 591 1295; x_wconf 84' lang='lat' dir='ltr'><strong>videas</strong></span> <span class='ocrx_word' id='word_1_60' title='bbox 613 1229 775 1293; x_wconf 89' lang='lat' dir='ltr'><strong>hominem</strong></span> <span class='ocrx_word' id='word_1_61' title='bbox 797 1229 996 1311; x_wconf 80' lang='lat' dir='ltr'><strong>indignarier</strong></span> <span class='ocrx_word' id='word_1_62' title='bbox 1017 1230 1140 1314; x_wconf 85' lang='lat' dir='ltr'><strong>ipsum,</strong></span> 
     </span>
     <span class='ocr_line' id='line_1_10' title="bbox 139 1344 1030 1430; baseline -0.001 -20"><span class='ocrx_word' id='word_1_63' title='bbox 139 1352 216 1430; x_wconf 88' lang='lat' dir='ltr'><strong>post</strong></span> <span class='ocrx_word' id='word_1_64' title='bbox 236 1350 369 1409; x_wconf 87' lang='lat' dir='ltr'><strong>mortem</strong></span> <span class='ocrx_word' id='word_1_65' title='bbox 391 1344 460 1408; x_wconf 87' lang='lat' dir='ltr'><strong>fore</strong></span> <span class='ocrx_word' id='word_1_66' title='bbox 482 1347 517 1407; x_wconf 90' lang='lat' dir='ltr'><strong>ut</strong></span> <span class='ocrx_word' id='word_1_67' title='bbox 539 1348 595 1406; x_wconf 91' lang='lat' dir='ltr'><strong>aut</strong></span> <span class='ocrx_word' id='word_1_68' title='bbox 616 1348 761 1426; x_wconf 89' lang='lat' dir='ltr'><strong>putescat</strong></span> <span class='ocrx_word' id='word_1_69' title='bbox 783 1362 916 1426; x_wconf 90' lang='lat' dir='ltr'><strong>corpore</strong></span> <span class='ocrx_word' id='word_1_70' title='bbox 938 1350 1030 1428; x_wconf 90' lang='lat' dir='ltr'><strong>posto</strong></span> 
     </span>
     <span class='ocr_line' id='line_1_11' title="bbox 138 1456 851 1543; baseline -0.006 -18"><span class='ocrx_word' id='word_1_71' title='bbox 138 1464 197 1525; x_wconf 88' lang='lat' dir='ltr'><strong>aut</strong></span> <span class='ocrx_word' id='word_1_72' title='bbox 218 1458 355 1523; x_wconf 87' lang='lat' dir='ltr'><strong>flammis</strong></span> <span class='ocrx_word' id='word_1_73' title='bbox 377 1456 515 1523; x_wconf 87' lang='lat' dir='ltr'><strong>interfiat</strong></span> <span class='ocrx_word' id='word_1_74' title='bbox 536 1456 670 1520; x_wconf 89' lang='lat' dir='ltr'><strong>malisve</strong></span> <span class='ocrx_word' id='word_1_75' title='bbox 692 1457 851 1543; x_wconf 81' lang='lat' dir='ltr'><strong>ferarum,</strong></span> 
     </span>
     <span class='ocr_line' id='line_1_12' title="bbox 138 1572 1007 1657; baseline -0.002 -16"><span class='ocrx_word' id='word_1_76' title='bbox 138 1576 222 1641; x_wconf 87' lang='lat' dir='ltr'><strong>scire</strong></span> <span class='ocrx_word' id='word_1_77' title='bbox 244 1573 319 1638; x_wconf 88' lang='lat' dir='ltr'><strong>licet</strong></span> <span class='ocrx_word' id='word_1_78' title='bbox 340 1592 404 1637; x_wconf 92' lang='lat' dir='ltr'><strong>non</strong></span> <span class='ocrx_word' id='word_1_79' title='bbox 427 1572 586 1636; x_wconf 87' lang='lat' dir='ltr'><strong>sincerum</strong></span> <span class='ocrx_word' id='word_1_80' title='bbox 608 1592 741 1657; x_wconf 85' lang='lat' dir='ltr'><strong>sonere,</strong></span> <span class='ocrx_word' id='word_1_81' title='bbox 758 1580 853 1656; x_wconf 88' lang='lat' dir='ltr'><strong>atque</strong></span> <span class='ocrx_word' id='word_1_82' title='bbox 875 1574 1007 1640; x_wconf 89' lang='lat' dir='ltr'><strong>subesse</strong></span> 
     </span>
     <span class='ocr_line' id='line_1_13' title="bbox 140 1687 1120 1773; baseline 0.001 -19"><span class='ocrx_word' id='word_1_83' title='bbox 140 1708 272 1754; x_wconf 86' lang='lat' dir='ltr'><strong>caecum</strong></span> <span class='ocrx_word' id='word_1_84' title='bbox 295 1687 433 1769; x_wconf 85' lang='lat' dir='ltr'><strong>aliquem</strong></span> <span class='ocrx_word' id='word_1_85' title='bbox 457 1687 545 1751; x_wconf 91' lang='lat' dir='ltr'><strong>cordi</strong></span> <span class='ocrx_word' id='word_1_86' title='bbox 568 1687 748 1772; x_wconf 82' lang='lat' dir='ltr'><strong>stimulum,</strong></span> <span class='ocrx_word' id='word_1_87' title='bbox 766 1689 911 1769; x_wconf 87' lang='lat' dir='ltr'><strong>quamvis</strong></span> <span class='ocrx_word' id='word_1_88' title='bbox 932 1695 1028 1773; x_wconf 76' lang='lat' dir='ltr'><strong>neget</strong></span> <span class='ocrx_word' id='word_1_89' title='bbox 1049 1689 1120 1773; x_wconf 87' lang='lat' dir='ltr'><strong>ipse</strong></span> 
     </span>
    </p>

    <p class='ocr_par' dir='ltr' id='par_1_5' title="bbox 63 1801 1177 2345">
     <span class='ocr_line' id='line_1_14' title="bbox 63 1801 1137 1884; baseline -0.002 -13"><span class='ocrx_word' id='word_1_90' title='bbox 63 1824 117 1871; x_wconf 83' lang='grc'><strong>866</strong></span> <span class='ocrx_word' id='word_1_91' title='bbox 141 1803 272 1869; x_wconf 81' lang='lat' dir='ltr'><strong>medere</strong></span> <span class='ocrx_word' id='word_1_92' title='bbox 295 1821 331 1867; x_wconf 90' lang='grc'><strong>66</strong></span> <span class='ocrx_word' id='word_1_93' title='bbox 353 1821 545 1884; x_wconf 89' lang='lat' dir='ltr'><strong>quemquam</strong></span> <span class='ocrx_word' id='word_1_94' title='bbox 568 1801 629 1866; x_wconf 90' lang='lat' dir='ltr'><strong>sibi</strong></span> <span class='ocrx_word' id='word_1_95' title='bbox 651 1822 779 1866; x_wconf 89' lang='lat' dir='ltr'><strong>sensum</strong></span> <span class='ocrx_word' id='word_1_96' title='bbox 802 1803 834 1865; x_wconf 93' lang='lat' dir='ltr'><strong>in</strong></span> <span class='ocrx_word' id='word_1_97' title='bbox 856 1810 957 1868; x_wconf 84' lang='lat' dir='ltr'><strong>morte</strong></span> <span class='ocrx_word' id='word_1_98' title='bbox 978 1803 1137 1869; x_wconf 89' lang='lat' dir='ltr'><strong>futurum:</strong></span> 
     </span>
     <span class='ocr_line' id='line_1_15' title="bbox 142 1915 1177 2007; baseline 0.002 -27"><span class='ocrx_word' id='word_1_99' title='bbox 142 1936 223 1995; x_wconf 87' lang='lat' dir='ltr'><strong>non,</strong></span> <span class='ocrx_word' id='word_1_100' title='bbox 239 1921 276 1981; x_wconf 91' lang='lat' dir='ltr'><strong>ut</strong></span> <span class='ocrx_word' id='word_1_101' title='bbox 298 1916 429 2001; x_wconf 89' lang='lat' dir='ltr'><strong>opinor,</strong></span> <span class='ocrx_word' id='word_1_102' title='bbox 446 1915 529 1979; x_wconf 89' lang='lat' dir='ltr'><strong>enim</strong></span> <span class='ocrx_word' id='word_1_103' title='bbox 553 1915 609 1979; x_wconf 86' lang='lat' dir='ltr'><strong>dat</strong></span> <span class='ocrx_word' id='word_1_104' title='bbox 632 1917 716 1996; x_wconf 92' lang='lat' dir='ltr'><strong>quod</strong></span> <span class='ocrx_word' id='word_1_105' title='bbox 739 1918 891 2000; x_wconf 86' lang='lat' dir='ltr'><strong>promittit</strong></span> <span class='ocrx_word' id='word_1_106' title='bbox 913 1924 945 1982; x_wconf 88' lang='grc'><strong>66</strong></span> <span class='ocrx_word' id='word_1_107' title='bbox 966 1917 1071 2007; x_wconf 84' lang='lat' dir='ltr'><strong>unde,</strong></span> <span class='ocrx_word' id='word_1_108' title='bbox 1171 1980 1177 1991; x_wconf 82' lang='grc'><strong><em>,</em></strong></span> 
     </span>
     <span class='ocr_line' id='line_1_16' title="bbox 140 2030 833 2110; baseline 0.001 -15"><span class='ocrx_word' id='word_1_109' title='bbox 140 2032 200 2097; x_wconf 85' lang='lat' dir='ltr'><strong>nec</strong></span> <span class='ocrx_word' id='word_1_110' title='bbox 222 2030 374 2096; x_wconf 77' lang='lat' dir='ltr'><strong>radicitus</strong></span> <span class='ocrx_word' id='word_1_111' title='bbox 397 2051 415 2096; x_wconf 91' lang='grc'><strong>6</strong></span> <span class='ocrx_word' id='word_1_112' title='bbox 437 2031 504 2096; x_wconf 83' lang='lat' dir='ltr'><strong>vita</strong></span> <span class='ocrx_word' id='word_1_113' title='bbox 526 2049 560 2096; x_wconf 89' lang='grc'><strong>66</strong></span> <span class='ocrx_word' id='word_1_114' title='bbox 584 2031 667 2095; x_wconf 90' lang='lat' dir='ltr'><strong>tollit</strong></span> <span class='ocrx_word' id='word_1_115' title='bbox 688 2038 719 2096; x_wconf 90' lang='grc'><strong>66</strong></span> <span class='ocrx_word' id='word_1_116' title='bbox 740 2033 833 2110; x_wconf 86' lang='lat' dir='ltr'><strong>eicit,</strong></span> 
     </span>
     <span class='ocr_line' id='line_1_17' title="bbox 140 2145 1060 2257; baseline 0.001 -44"><span class='ocrx_word' id='word_1_117' title='bbox 140 2146 198 2213; x_wconf 84' lang='lat' dir='ltr'><strong>sed</strong></span> <span class='ocrx_word' id='word_1_118' title='bbox 219 2145 298 2212; x_wconf 85' lang='lat' dir='ltr'><strong>facit</strong></span> <span class='ocrx_word' id='word_1_119' title='bbox 320 2165 391 2211; x_wconf 88' lang='grc'><strong>6666</strong></span> <span class='ocrx_word' id='word_1_120' title='bbox 414 2147 461 2210; x_wconf 90' lang='lat' dir='ltr'><strong>sui</strong></span> <span class='ocrx_word' id='word_1_121' title='bbox 484 2145 637 2228; x_wconf 90' lang='lat' dir='ltr'><strong>quiddam</strong></span> <span class='ocrx_word' id='word_1_122' title='bbox 661 2166 756 2230; x_wconf 88' lang='lat' dir='ltr'><strong>super</strong></span> <span class='ocrx_word' id='word_1_123' title='bbox 778 2146 897 2213; x_wconf 89' lang='lat' dir='ltr'><strong>inscius</strong></span> <span class='ocrx_word' id='word_1_124' title='bbox 919 2148 1008 2233; x_wconf 90' lang='lat' dir='ltr'><strong>ipse.</strong></span> <span class='ocrx_word' id='word_1_125' title='bbox 1033 2224 1060 2257; x_wconf 62' lang='lat' dir='ltr'><strong>a</strong></span> 
     </span>
     <span class='ocr_line' id='line_1_18' title="bbox 136 2258 1021 2345; baseline 0.001 -19"><span class='ocrx_word' id='word_1_126' title='bbox 136 2258 228 2327; x_wconf 83' lang='lat' dir='ltr'><strong>vivus</strong></span> <span class='ocrx_word' id='word_1_127' title='bbox 251 2261 334 2325; x_wconf 89' lang='lat' dir='ltr'><strong>enim</strong></span> <span class='ocrx_word' id='word_1_128' title='bbox 356 2261 417 2326; x_wconf 89' lang='lat' dir='ltr'><strong>sibi</strong></span> <span class='ocrx_word' id='word_1_129' title='bbox 441 2282 511 2326; x_wconf 90' lang='lat' dir='ltr'><strong>curn</strong></span> <span class='ocrx_word' id='word_1_130' title='bbox 533 2262 684 2345; x_wconf 87' lang='lat' dir='ltr'><strong>proponit</strong></span> <span class='ocrx_word' id='word_1_131' title='bbox 706 2263 840 2344; x_wconf 89' lang='lat' dir='ltr'><strong>quisque</strong></span> <span class='ocrx_word' id='word_1_132' title='bbox 862 2262 1021 2342; x_wconf 85' lang='lat' dir='ltr'><strong>futurum,</strong></span> 
     </span>
    </p>

    <p class='ocr_par' dir='ltr' id='par_1_6' title="bbox 53 2375 1029 2919">
     <span class='ocr_line' id='line_1_19' title="bbox 53 2375 1029 2466; baseline 0 -21"><span class='ocrx_word' id='word_1_133' title='bbox 53 2396 110 2445; x_wconf 85' lang='lat'><strong>880</strong></span> <span class='ocrx_word' id='word_1_134' title='bbox 138 2395 255 2460; x_wconf 92' lang='lat' dir='ltr'><strong>corpus</strong></span> <span class='ocrx_word' id='word_1_135' title='bbox 278 2375 323 2439; x_wconf 89' lang='lat' dir='ltr'><strong>uti</strong></span> <span class='ocrx_word' id='word_1_136' title='bbox 345 2376 492 2441; x_wconf 89' lang='lat' dir='ltr'><strong>volucres</strong></span> <span class='ocrx_word' id='word_1_137' title='bbox 516 2376 657 2441; x_wconf 87' lang='lat' dir='ltr'><strong>lacerent</strong></span> <span class='ocrx_word' id='word_1_138' title='bbox 678 2377 711 2440; x_wconf 90' lang='lat' dir='ltr'><strong>in</strong></span> <span class='ocrx_word' id='word_1_139' title='bbox 732 2384 835 2444; x_wconf 91' lang='lat' dir='ltr'><strong>morte</strong></span> <span class='ocrx_word' id='word_1_140' title='bbox 858 2379 1029 2466; x_wconf 84' lang='lat' dir='ltr'><strong>feraeque,</strong></span> 
     </span>
     <span class='ocr_line' id='line_1_20' title="bbox 135 2490 967 2575; baseline 0.005 -21"><span class='ocrx_word' id='word_1_141' title='bbox 135 2490 207 2575; x_wconf 88' lang='lat' dir='ltr'><strong>ipse</strong></span> <span class='ocrx_word' id='word_1_142' title='bbox 230 2491 279 2556; x_wconf 90' lang='lat' dir='ltr'><strong>sui</strong></span> <span class='ocrx_word' id='word_1_143' title='bbox 300 2490 445 2557; x_wconf 90' lang='lat' dir='ltr'><strong>miseret:</strong></span> <span class='ocrx_word' id='word_1_144' title='bbox 463 2512 567 2573; x_wconf 90' lang='lat' dir='ltr'><strong>neque</strong></span> <span class='ocrx_word' id='word_1_145' title='bbox 590 2492 673 2556; x_wconf 89' lang='lat' dir='ltr'><strong>enirn</strong></span> <span class='ocrx_word' id='word_1_146' title='bbox 696 2512 731 2556; x_wconf 93' lang='grc'><strong>66</strong></span> <span class='ocrx_word' id='word_1_147' title='bbox 754 2494 866 2559; x_wconf 88' lang='lat' dir='ltr'><strong>dividit</strong></span> <span class='ocrx_word' id='word_1_148' title='bbox 887 2495 967 2558; x_wconf 92' lang='lat' dir='ltr'><strong>illim</strong></span> 
     </span>
     <span class='ocr_line' id='line_1_21' title="bbox 136 2606 1015 2694; baseline 0.005 -25"><span class='ocrx_word' id='word_1_149' title='bbox 136 2624 196 2670; x_wconf 89' lang='lat' dir='ltr'><strong>nec</strong></span> <span class='ocrx_word' id='word_1_150' title='bbox 217 2613 361 2671; x_wconf 86' lang='lat' dir='ltr'><strong>removet</strong></span> <span class='ocrx_word' id='word_1_151' title='bbox 383 2606 481 2684; x_wconf 83' lang='lat' dir='ltr'><strong>satis,</strong></span> <span class='ocrx_word' id='word_1_152' title='bbox 498 2627 519 2671; x_wconf 88' lang='lat' dir='ltr'><strong>a</strong></span> <span class='ocrx_word' id='word_1_153' title='bbox 540 2607 682 2690; x_wconf 87' lang='lat' dir='ltr'><strong>proiecto</strong></span> <span class='ocrx_word' id='word_1_154' title='bbox 706 2628 856 2694; x_wconf 86' lang='lat' dir='ltr'><strong>corpore,</strong></span> <span class='ocrx_word' id='word_1_155' title='bbox 874 2616 905 2673; x_wconf 91' lang='lat' dir='ltr'><strong>et</strong></span> <span class='ocrx_word' id='word_1_156' title='bbox 926 2611 1015 2673; x_wconf 86' lang='lat' dir='ltr'><strong>illum</strong></span> 
     </span>
     <span class='ocr_line' id='line_1_22' title="bbox 136 2719 917 2804; baseline 0.001 -18"><span class='ocrx_word' id='word_1_157' title='bbox 136 2739 172 2786; x_wconf 88' lang='lat' dir='ltr'><strong>se</strong></span> <span class='ocrx_word' id='word_1_158' title='bbox 194 2719 285 2804; x_wconf 76' lang='lat' dir='ltr'><strong>fingit</strong></span> <span class='ocrx_word' id='word_1_159' title='bbox 306 2740 467 2803; x_wconf 89' lang='lat' dir='ltr'><strong>sensuque</strong></span> <span class='ocrx_word' id='word_1_160' title='bbox 490 2744 548 2790; x_wconf 92' lang='lat' dir='ltr'><strong>suo</strong></span> <span class='ocrx_word' id='word_1_161' title='bbox 571 2723 766 2788; x_wconf 91' lang='lat' dir='ltr'><strong>contaminat</strong></span> <span class='ocrx_word' id='word_1_162' title='bbox 788 2729 917 2788; x_wconf 85' lang='lat' dir='ltr'><strong>astans:</strong></span> 
     </span>
     <span class='ocr_line' id='line_1_23' title="bbox 135 2834 940 2919; baseline 0.006 -21"><span class='ocrx_word' id='word_1_163' title='bbox 135 2834 208 2901; x_wconf 92' lang='lat' dir='ltr'><strong>hinc</strong></span> <span class='ocrx_word' id='word_1_164' title='bbox 230 2834 414 2919; x_wconf 85' lang='lat' dir='ltr'><strong>indignatur</strong></span> <span class='ocrx_word' id='word_1_165' title='bbox 436 2857 471 2903; x_wconf 90' lang='grc'><strong>66</strong></span> <span class='ocrx_word' id='word_1_166' title='bbox 494 2841 661 2905; x_wconf 87' lang='lat' dir='ltr'><strong>mortalem</strong></span> <span class='ocrx_word' id='word_1_167' title='bbox 685 2859 756 2907; x_wconf 88' lang='lat' dir='ltr'><strong>esse</strong></span> <span class='ocrx_word' id='word_1_168' title='bbox 779 2846 940 2917; x_wconf 80' lang='lat' dir='ltr'><strong>creabrm,</strong></span> 
     </span>
    </p>

    <p class='ocr_par' dir='ltr' id='par_1_7' title="bbox 53 2950 1083 3496">
     <span class='ocr_line' id='line_1_24' title="bbox 53 2950 1010 3042; baseline 0.004 -23"><span class='ocrx_word' id='word_1_169' title='bbox 53 2970 108 3019; x_wconf 84' lang='grc'><strong>888</strong></span> <span class='ocrx_word' id='word_1_170' title='bbox 136 2969 196 3015; x_wconf 84' lang='lat' dir='ltr'><strong>nec</strong></span> <span class='ocrx_word' id='word_1_171' title='bbox 217 2950 357 3016; x_wconf 84' lang='lat' dir='ltr'><strong>videtin</strong></span> <span class='ocrx_word' id='word_1_172' title='bbox 379 2972 456 3018; x_wconf 84' lang='lat' dir='ltr'><strong>vera</strong></span> <span class='ocrx_word' id='word_1_173' title='bbox 477 2955 598 3018; x_wconf 90' lang='lat' dir='ltr'><strong>nullum</strong></span> <span class='ocrx_word' id='word_1_174' title='bbox 620 2955 690 3021; x_wconf 84' lang='lat' dir='ltr'><strong>fore</strong></span> <span class='ocrx_word' id='word_1_175' title='bbox 713 2964 812 3021; x_wconf 85' lang='lat' dir='ltr'><strong>morte</strong></span> <span class='ocrx_word' id='word_1_176' title='bbox 835 2957 932 3022; x_wconf 91' lang='lat' dir='ltr'><strong>alium</strong></span> <span class='ocrx_word' id='word_1_177' title='bbox 955 2977 1010 3042; x_wconf 86' lang='lat' dir='ltr'><strong>se,</strong></span> 
     </span>
     <span class='ocr_line' id='line_1_25' title="bbox 135 3065 940 3156; baseline 0.01 -28"><span class='ocrx_word' id='word_1_178' title='bbox 135 3065 188 3147; x_wconf 92' lang='lat' dir='ltr'><strong>qui</strong></span> <span class='ocrx_word' id='word_1_179' title='bbox 210 3067 313 3151; x_wconf 91' lang='lat' dir='ltr'><strong>possit</strong></span> <span class='ocrx_word' id='word_1_180' title='bbox 334 3067 426 3134; x_wconf 88' lang='lat' dir='ltr'><strong>vivus</strong></span> <span class='ocrx_word' id='word_1_181' title='bbox 449 3070 509 3134; x_wconf 92' lang='lat' dir='ltr'><strong>sibi</strong></span> <span class='ocrx_word' id='word_1_182' title='bbox 532 3089 566 3134; x_wconf 94' lang='grc'><strong>66</strong></span> <span class='ocrx_word' id='word_1_183' title='bbox 589 3070 698 3153; x_wconf 83' lang='lat' dir='ltr'><strong>lugere</strong></span> <span class='ocrx_word' id='word_1_184' title='bbox 721 3079 940 3156; x_wconf 85' lang='lat' dir='ltr'><strong>peremptum,</strong></span> 
     </span>
     <span class='ocr_line' id='line_1_26' title="bbox 133 3183 946 3264; baseline 0.007 -20"><span class='ocrx_word' id='word_1_185' title='bbox 133 3186 287 3264; x_wconf 87' lang='lat' dir='ltr'><strong>stansque</strong></span> <span class='ocrx_word' id='word_1_186' title='bbox 308 3183 466 3249; x_wconf 88' lang='lat' dir='ltr'><strong>iacentem</strong></span> <span class='ocrx_word' id='word_1_187' title='bbox 489 3205 523 3249; x_wconf 91' lang='grc'><strong>66</strong></span> <span class='ocrx_word' id='word_1_188' title='bbox 546 3185 681 3250; x_wconf 88' lang='lat' dir='ltr'><strong>lacerari</strong></span> <span class='ocrx_word' id='word_1_189' title='bbox 705 3185 794 3251; x_wconf 82' lang='lat' dir='ltr'><strong>urive</strong></span> <span class='ocrx_word' id='word_1_190' title='bbox 818 3187 946 3250; x_wconf 92' lang='lat' dir='ltr'><strong>dolere.</strong></span> 
     </span>
     <span class='ocr_line' id='line_1_27' title="bbox 134 3296 1083 3383; baseline 0.008 -25"><span class='ocrx_word' id='word_1_191' title='bbox 134 3314 208 3359; x_wconf 90' lang='lat' dir='ltr'><strong>nam</strong></span> <span class='ocrx_word' id='word_1_192' title='bbox 231 3297 259 3361; x_wconf 92' lang='lat' dir='ltr'><strong>si</strong></span> <span class='ocrx_word' id='word_1_193' title='bbox 280 3296 314 3361; x_wconf 94' lang='lat' dir='ltr'><strong>in</strong></span> <span class='ocrx_word' id='word_1_194' title='bbox 336 3305 436 3364; x_wconf 88' lang='lat' dir='ltr'><strong>morte</strong></span> <span class='ocrx_word' id='word_1_195' title='bbox 459 3299 609 3365; x_wconf 89' lang='lat' dir='ltr'><strong>malumst</strong></span> <span class='ocrx_word' id='word_1_196' title='bbox 632 3302 726 3366; x_wconf 87' lang='lat' dir='ltr'><strong>malis</strong></span> <span class='ocrx_word' id='word_1_197' title='bbox 749 3320 920 3383; x_wconf 89' lang='lat' dir='ltr'><strong>morsuque</strong></span> <span class='ocrx_word' id='word_1_198' title='bbox 943 3301 1083 3366; x_wconf 84' lang='lat' dir='ltr'><strong>ferarum</strong></span> 
     </span>
     <span class='ocr_line' id='line_1_28' title="bbox 134 3411 919 3496; baseline 0.008 -22"><span class='ocrx_word' id='word_1_199' title='bbox 134 3411 286 3495; x_wconf 85' lang='lat' dir='ltr'><strong>tractari,</strong></span> <span class='ocrx_word' id='word_1_200' title='bbox 303 3433 367 3476; x_wconf 94' lang='lat' dir='ltr'><strong>non</strong></span> <span class='ocrx_word' id='word_1_201' title='bbox 390 3414 517 3479; x_wconf 84' lang='lat' dir='ltr'><strong>invenio</strong></span> <span class='ocrx_word' id='word_1_202' title='bbox 541 3415 595 3496; x_wconf 92' lang='lat' dir='ltr'><strong>qui</strong></span> <span class='ocrx_word' id='word_1_203' title='bbox 618 3436 683 3480; x_wconf 93' lang='lat' dir='ltr'><strong>non</strong></span> <span class='ocrx_word' id='word_1_204' title='bbox 705 3415 746 3480; x_wconf 92' lang='lat' dir='ltr'><strong>sit</strong></span> <span class='ocrx_word' id='word_1_205' title='bbox 768 3418 919 3481; x_wconf 90' lang='lat' dir='ltr'><strong>acerbum</strong></span> 
     </span>
    </p>

    <p class='ocr_par' dir='ltr' id='par_1_8' title="bbox 54 3522 966 3727">
     <span class='ocr_line' id='line_1_29' title="bbox 54 3522 966 3615; baseline 0.008 -26"><span class='ocrx_word' id='word_1_206' title='bbox 54 3543 108 3590; x_wconf 88' lang='grc'><strong>866</strong></span> <span class='ocrx_word' id='word_1_207' title='bbox 132 3522 259 3609; x_wconf 83' lang='lat' dir='ltr'><strong>ignibus</strong></span> <span class='ocrx_word' id='word_1_208' title='bbox 281 3528 455 3612; x_wconf 90' lang='lat' dir='ltr'><strong>inpositum</strong></span> <span class='ocrx_word' id='word_1_209' title='bbox 478 3530 591 3595; x_wconf 88' lang='lat' dir='ltr'><strong>calidis</strong></span> <span class='ocrx_word' id='word_1_210' title='bbox 613 3536 788 3596; x_wconf 80' lang='lat' dir='ltr'><strong>torrescere</strong></span> <span class='ocrx_word' id='word_1_211' title='bbox 811 3530 966 3615; x_wconf 84' lang='lat' dir='ltr'><strong>dammis,</strong></span> 
     </span>
     <span class='ocr_line' id='line_1_30' title="bbox 132 3642 895 3727; baseline 0.008 -24"><span class='ocrx_word' id='word_1_212' title='bbox 132 3642 243 3706; x_wconf 88' lang='lat' dir='ltr'><strong>autin</strong></span> <span class='ocrx_word' id='word_1_213' title='bbox 265 3644 359 3709; x_wconf 91' lang='lat' dir='ltr'><strong>melle</strong></span> <span class='ocrx_word' id='word_1_214' title='bbox 382 3645 475 3708; x_wconf 91' lang='lat' dir='ltr'><strong>situm</strong></span> <span class='ocrx_word' id='word_1_215' title='bbox 499 3644 650 3709; x_wconf 88' lang='lat' dir='ltr'><strong>suffocari</strong></span> <span class='ocrx_word' id='word_1_216' title='bbox 672 3652 768 3726; x_wconf 90' lang='lat' dir='ltr'><strong>atque</strong></span> <span class='ocrx_word' id='word_1_217' title='bbox 791 3646 895 3727; x_wconf 83' lang='lat' dir='ltr'><strong>rigere</strong></span> 
     </span>
    </p>
   </div>
   <div class='ocr_carea' id='block_1_3' title="bbox 131 3824 333 3836">
    <p class='ocr_par' dir='ltr' id='par_1_9' title="bbox 131 3824 333 3836">
     <span class='ocr_line' id='line_1_31' title="bbox 131 3824 333 3836; baseline 0.015 -3"><span class='ocrx_word' id='word_1_218' title='bbox 131 3824 333 3836; x_wconf 73' lang='lat'><em>——....—-</em></span> 
     </span>
    </p>
   </div>
   <div class='ocr_carea' id='block_1_4' title="bbox 134 3943 1255 4177">
    <p class='ocr_par' dir='ltr' id='par_1_10' title="bbox 134 3943 1255 4177">
     <span class='ocr_line' id='line_1_32' title="bbox 137 3943 1255 4019; baseline 0.007 -27"><span class='ocrx_word' id='word_1_219' title='bbox 137 3944 188 3994; x_wconf 85' lang='lat'><strong>863</strong></span> <span class='ocrx_word' id='word_1_220' title='bbox 201 3961 264 3996; x_wconf 89' lang='lat' dir='ltr'><strong>mox</strong></span> <span class='ocrx_word' id='word_1_221' title='bbox 284 3943 297 4013; x_wconf 98' lang='grc' dir='ltr'>Η</span> <span class='ocrx_word' id='word_1_222' title='bbox 316 3948 439 4011; x_wconf 88' lang='lat' dir='ltr'><strong>prohibe.</strong></span> <span class='ocrx_word' id='word_1_223' title='bbox 461 3943 473 4015; x_wconf 99' lang='grc' dir='ltr'>Η</span> <span class='ocrx_word' id='word_1_224' title='bbox 495 3950 545 3998; x_wconf 86' lang='grc'><strong>868</strong></span> <span class='ocrx_word' id='word_1_225' title='bbox 559 3950 662 3998; x_wconf 87' lang='lat' dir='ltr'><strong>annullo</strong></span> <span class='ocrx_word' id='word_1_226' title='bbox 676 3951 752 3999; x_wconf 90' lang='lat' dir='ltr'><strong>anulo</strong></span> <span class='ocrx_word' id='word_1_227' title='bbox 774 3947 787 4018; x_wconf 96' lang='grc' dir='ltr'>Η</span> <span class='ocrx_word' id='word_1_228' title='bbox 808 3953 855 4000; x_wconf 89' lang='grc'><strong>871</strong></span> <span class='ocrx_word' id='word_1_229' title='bbox 877 3957 948 4014; x_wconf 88' lang='lat' dir='ltr'><strong>putes</strong></span> <span class='ocrx_word' id='word_1_230' title='bbox 968 3947 981 4018; x_wconf 96' lang='grc' dir='ltr'>Η</span> <span class='ocrx_word' id='word_1_231' title='bbox 1001 3954 1051 4001; x_wconf 90' lang='grc'><strong>873</strong></span> <span class='ocrx_word' id='word_1_232' title='bbox 1065 3967 1098 4000; x_wconf 93' lang='lat' dir='ltr'><strong>no</strong></span> <span class='ocrx_word' id='word_1_233' title='bbox 1119 3948 1132 4019; x_wconf 94' lang='grc' dir='ltr'>Η</span> <span class='ocrx_word' id='word_1_234' title='bbox 1152 3954 1201 4000; x_wconf 90' lang='grc'><strong>877</strong></span> <span class='ocrx_word' id='word_1_235' title='bbox 1216 3967 1255 4000; x_wconf 89' lang='lat' dir='ltr'><strong>ra·</strong></span> 
     </span>
     <span class='ocr_line' id='line_1_33' title="bbox 134 4030 1255 4108; baseline 0.009 -28"><span class='ocrx_word' id='word_1_236' title='bbox 134 4031 237 4083; x_wconf 83' lang='lat' dir='ltr'><strong>dicitius</strong></span> <span class='ocrx_word' id='word_1_237' title='bbox 258 4030 271 4102; x_wconf 96' lang='grc' dir='ltr'>Η</span> <span class='ocrx_word' id='word_1_238' title='bbox 292 4036 342 4084; x_wconf 88' lang='grc'><strong>880</strong></span> <span class='ocrx_word' id='word_1_239' title='bbox 355 4035 468 4086; x_wconf 89' lang='lat' dir='ltr'><strong>iacerent</strong></span> <span class='ocrx_word' id='word_1_240' title='bbox 488 4032 501 4106; x_wconf 97' lang='grc' dir='ltr'>Η</span> <span class='ocrx_word' id='word_1_241' title='bbox 523 4039 572 4087; x_wconf 87' lang='grc'><strong>886</strong></span> <span class='ocrx_word' id='word_1_242' title='bbox 586 4038 633 4089; x_wconf 90' lang='lat' dir='ltr'><strong>Cui</strong></span> <span class='ocrx_word' id='word_1_243' title='bbox 656 4035 669 4106; x_wconf 96' lang='grc' dir='ltr'>Η</span> <span class='ocrx_word' id='word_1_244' title='bbox 690 4039 739 4087; x_wconf 92' lang='grc'><strong>887</strong></span> <span class='ocrx_word' id='word_1_245' title='bbox 754 4053 780 4090; x_wconf 83' lang='grc'><strong>66</strong></span> <span class='ocrx_word' id='word_1_246' title='bbox 793 4038 932 4088; x_wconf 80' lang='lat' dir='ltr'><strong>corissum.</strong></span> <span class='ocrx_word' id='word_1_247' title='bbox 953 4036 966 4108; x_wconf 97' lang='grc' dir='ltr'>Η</span> <span class='ocrx_word' id='word_1_248' title='bbox 987 4040 1091 4089; x_wconf 89' lang='lat' dir='ltr'><strong>dolore.</strong></span> <span class='ocrx_word' id='word_1_249' title='bbox 1106 4036 1119 4108; x_wconf 95' lang='grc' dir='ltr'>Η</span> <span class='ocrx_word' id='word_1_250' title='bbox 1140 4041 1191 4088; x_wconf 83' lang='grc'><strong>890</strong></span> <span class='ocrx_word' id='word_1_251' title='bbox 1205 4046 1255 4090; x_wconf 87' lang='lat' dir='ltr'><strong>tor·</strong></span> 
     </span>
     <span class='ocr_line' id='line_1_34' title="bbox 134 4134 274 4177; baseline 0.043 -6"><span class='ocrx_word' id='word_1_252' title='bbox 134 4134 274 4177; x_wconf 73' lang='grc'><strong>6666666666</strong></span> 
     </span>
    </p>
   </div>
   <div class='ocr_carea' id='block_1_5' title="bbox 0 0 1376 4658">
    <p class='ocr_par' dir='ltr' id='par_1_11' title="bbox 0 0 1376 4658">
     <span class='ocr_line' id='line_1_35' title="bbox 0 0 1376 4658; baseline 0 0"><span class='ocrx_word' id='word_1_253' title='bbox 0 0 1376 4658; x_wconf 95' lang='lat' dir='ltr'><strong> </strong></span> 
     </span>
    </p>
   </div>
  </div>
 </body>
</html>
