2744 4658
678 237 724 302 Vl

61 428 110 476 765
136 407 268 472 naribus
292 408 435 492 alipedes
458 414 493 472 ut
514 409 599 490 cervi
623 428 721 492 saepe
744 415 896 494 putantur

136 525 253 588 ducere
276 523 316 588 dc
339 522 473 588 latebris
498 523 659 608 serpentia
681 526 791 589 saecla
814 524 973 589 ferarum.

137 639 223 720 quod
245 639 356 722 procul
380 659 400 702 a
423 658 500 703 vera
523 639 683 720 quamsit
706 640 832 705 ratione
855 640 1017 724 repulsum

137 754 284 837 percipe:
302 774 377 818 narn
400 753 440 818 de
463 774 497 817 re
520 756 699 842 nuucipsa
722 757 828 830 dicere
851 775 968 820 conor.

177 869 334 954 Principio
359 871 426 935 hoc
440 869 512 936 dico
527 923 534 949 ,
552 872 637 954 quod
661 872 727 935 dixi
750 891 849 955 saepe
872 891 1000 954 quoque
1023 878 1120 956 aute,

59 1004 109 1049 77o
135 984 168 1047 iu
191 990 276 1049 terra
298 987 453 1069 cuiusque
476 988 560 1051 modi
585 1007 690 1053 rerum
715 978 792 1052 esse
809 986 928 1069 figuras
941 1008 949 1065 ;

137 1100 255 1184 multa,
274 1101 345 1166 cibo
369 1123 452 1184 quae
476 1109 568 1187 sunt,
585 1103 716 1187 vitalia,
735 1103 916 1184 multaque,
933 1086 1063 1167 morbos

134 1216 277 1281 incutere
300 1223 332 1282 et
354 1226 485 1282 mortem
509 1239 594 1300 quae
616 1219 741 1301 possint
762 1219 966 1283 adcelerare.
1033 1264 1036 1275 .

136 1338 168 1394 et
189 1332 293 1413 magis
318 1353 390 1398 esse
413 1333 485 1398 aliis
509 1334 590 1398 alias
614 1333 830 1398 animantibus
853 1339 947 1417 aptas

135 1467 186 1511 res
209 1449 250 1511 ad
273 1447 351 1511 vitai
373 1449 529 1513 rationem
553 1449 750 1514 ostendimus
773 1455 846 1513 ante

58 1583 108 1628 775
133 1568 265 1646 propter
288 1563 476 1628 dissimilem
499 1571 643 1627 naturam
667 1563 896 1646 dissimilisque

134 1684 275 1742 texturas
300 1679 381 1743 inter
404 1700 475 1745 sese
498 1679 683 1762 primasque
705 1679 844 1761 figuras.

134 1795 234 1858 multa
256 1802 364 1860 meant
386 1795 514 1859 inimica
535 1815 592 1879 per
615 1795 721 1872 auris,
740 1795 838 1858 multa
859 1815 916 1878 per
938 1795 1026 1879 ipsas

131 1909 297 1973 insinuant
318 1911 406 1974 naris
429 1909 549 1975 infesta
572 1917 669 1992 atque
693 1929 809 1992 aspera
832 1909 971 1986 adactu,

132 2043 192 2088 nec
213 2032 287 2089 sunt
309 2025 408 2088 multa
430 2031 654 2109 parum'tactu
675 2024 806 2089 vitanda
830 2044 933 2106 neque
956 2032 1063 2090 autem

59 2158 108 2204 780
134 2147 266 2224 aspectu
288 2139 441 2224 fugienda
464 2161 643 2224 saporeque
667 2141 767 2206 tristia
790 2140 981 2222 quaesiut.

173 2255 298 2320 Deinde
320 2255 430 2320 videre
453 2256 527 2320 licet
549 2277 645 2337 quam
667 2256 786 2320 multae
810 2256 874 2320 sint
895 2255 1015 2320 homini
1039 2276 1091 2320 res

131 2370 247 2434 acriter
268 2369 386 2435 infesto
410 2389 506 2436 seusu
529 2390 731 2454 spurcaeque
753 2391 953 2456 gravesque3

133 2484 301 2550 arboribus
323 2486 459 2570 primum
484 2485 578 2551 certis
600 2487 708 2570 gravis
733 2487 846 2550 umbra
868 2487 987 2550 tributa

134 2620 235 2681 usque
258 2601 361 2685 adeo,
379 2601 494 2685 capitis
517 2601 638 2664 saciant
660 2607 695 2663 ut
715 2620 815 2684 saepe
838 2601 987 2674 dolores,

54 2734 107 2781 785
134 2716 234 2796 siquis
257 2737 313 2781 eas
336 2723 448 2800 supter
470 2715 566 2780 iacuit
587 2722 766 2800 prostratus
788 2715 821 2779 in
844 2714 971 2780 herbis.

133 2837 181 2894 est
203 2831 298 2895 etiam
321 2832 447 2914 magnis
471 2832 635 2897 Heliconis
658 2832 819 2895 montibus
843 2832 938 2895 arbos

132 2943 227 3010 floris
244 2947 341 3011 odore
365 2948 523 3011 bominem
547 2953 650 3012 taetro
674 2951 829 3012 consueta
852 2965 987 3010 necare.

132 3059 273 3137 scilicet,
289 3062 369 3126 haee
392 3061 464 3125 ideo
487 3062 581 3126 terris
604 3081 644 3124 ex
666 3061 773 3125 omnia
796 3049 930 3142 surgun't

131 3175 232 3240 multa
255 3177 358 3241 modis
379 3175 487 3240 multis
510 3177 679 3239 multarum
702 3176 824 3239 semina
847 3196 972 3253 rerum,

50 3308 106 3355 790
133 3290 219 3370 quod
242 3293 398 3374 permixta
420 3290 503 3374 gerit
524 3290 618 3355 tellus
641 3290 844 3370 discretaque
867 3290 1063 3396 tradits·

130 3411 383 3490 nocturnumque
407 3425 519 3470 recens
542 3406 714 3469 extinctum
737 3406 844 3470 lumen
868 3405 922 3468 ubi
945 3404 1010 3469 acri

131 3518 243 3584 nidore
266 3520 400 3586 offendit
421 3541 536 3604 nares,
554 3519 700 3604 consopit
722 3520 861 3611 ibidem.
892 3504 934 3621 f
952 3516 1075 3615 fedi.
1103 3528 1137 3584 aa
1150 3506 1274 3589 „it-tr:

51 3652 107 3698 794
133 3642 345 3719 castoreoque
368 3636 458 3720 gravi
482 3635 597 3699 mulier
614 3611 921 3719 sopitareeurnbit,

132 3756 162 3813 et
183 3750 332 3814 manibus
354 3749 488 3814 nitidum
512 3750 631 3814 teneris
654 3771 734 3834 opus
758 3750 857 3814 et'fluit
880 3751 928 3827 ei,

132 3869 274 3948 tempore
298 3883 336 3928 eo
359 3864 386 3928 si
409 3865 574 3930 odoratast
596 3885 658 3947 quo
682 3871 842 3929 menstrua
864 3864 978 3929 solvit.

136 4143 183 4188 7777
204 4154 262 4188 vere
288 4137 300 4206 Η
327 4142 376 4188 770
396 4139 517 4201 cuiusque
543 4135 555 4206 ii
582 4143 629 4188 771
651 4153 714 4200 eque
741 4135 754 4206 ΙΙ
780 4141 828 4186 777
849 4153 923 4186 auras
948 4135 961 4204 Η
988 4139 1037 4186 778
1057 4144 1142 4184 tactu.
1168 4132 1181 4201 Η
1208 4139 1256 4185 780

135 4227 240 4277 tristitia
262 4225 275 4294 Η
299 4230 347 4274 7u7
368 4236 470 4274 uetare.
492 4224 505 4294 Η
528 4229 577 4275 758
597 4227 671 4274 iudeo
691 4225 735 4274 tris
755 4222 768 4292 Η
791 4227 837 4273 791
860 4226 942 4274 acris.
