2678 4658
690 226 734 292 Vl

144 407 319 486 propterea
340 400 375 464 fit
397 401 442 464 uti
465 419 550 482 quac
574 400 697 465 semina
720 419 855 482 cumque
878 398 983 464 habet·
998 400 1084 482 ignis

144 515 305 595 dimittat3
322 516 414 598 quasi
438 535 537 600 saepe
560 515 688 600 gelum,
706 515 791 597 quod
815 517 954 580 continet
976 517 1008 580 18
1032 536 1085 601 88,

145 631 241 696 811111
228 637 295 695 181
318 632 438 697 exolvit
459 632 596 716 glaciem
620 630 788 712 nodosque
810 631 955 695 relaxat

186 746 338 828 Frigidus
362 753 411 811 est
434 747 530 811 ctiam
554 745 645 823 fons,
665 767 762 830 supra
785 766 877 827 quem
903 749 964 812 sita
986 768 1084 860 saepe

71 882 119 930 880
145 868 266 947 stuppa
286 862 361 927 18811
383 847 938 946 flafflffiinus'
910 854 997 946 igni,

143 977 307 1060 taedaque
331 977 488 1043 consimili
512 977 635 1042 ratione
658 997 795 1042 accensa
817 998 877 1061 per
898 977 1003 1042 undas

144 1093 311 1175 conlucet,
331 1114 393 1174 quc
417 1112 551 1174 cumque
575 1101 693 1167 natans
715 1092 888 1176 impellitur
911 1093 1017 1158 auris.

132 1207 181 1270 'ni
204 1208 337 1291 mirum,
356 1208 430 1289 quia
454 1215 527 1272 sunt
548 1210 582 1271 in
605 1229 694 1290 aqua
715 1209 874 1292 permulta
895 1208 1026 1292 vaporis
1106 1276 1116 1291 s

150 1323 296 1406 semina,
314 1322 354 1388 de
378 1329 529 1405 terraque
554 1330 714 1389 necessest
739 1323 881 1388 funditus
903 1324 975 1408 ipsa

73 1459 120 1505 885
148 1438 234 1521 ignis
257 1459 391 1521 corpora
413 1458 470 1522 per
493 1445 592 1502 totunr
617 1458 808 1520 consurgere
831 1439 952 1504 fontem
1055 1492 1057 1498 .

144 1559 178 1618 et
202 1554 294 1617 simul
319 1554 483 1637 exspirare
507 1554 595 1619 foras
619 1555 769 1636 exireque
792 1554 824 1618 in
847 1576 963 1638 auras,

145 1689 212 1732 non
234 1669 278 1733 ita
302 1669 404 1734 multa
426 1676 555 1753 18888,
572 1669 693 1734 calidus
717 1677 815 1751 queat
836 1675 869 1732 ut
891 1670 959 1734 fieri
982 1669 1075 1754 fons,

145 1791 317 1868 propterea
340 1785 486 1867 dispersa
508 1785 594 1849 foras
618 1805 785 1868 erumpere
808 1785 894 1864 cogit
944 1803 946 1807 ’

145 1900 196 1964 vis
219 1920 276 1983 per
299 1921 417 1983 aquam
441 1900 545 1965 subito
569 1920 759 1982 sursumque
783 1918 823 1964 ea
846 1900 1029 1965 conciliari.

70 2038 117 2085 888
145 2015 232 2098 quod
254 2035 357 2097 genus
381 2015 464 2080 endo
489 2016 599 2080 marist
620 2014 721 2080 Aradi
743 2014 835 2098 fons,
853 2014 956 2080 dulcis
978 2017 1077 2097 aquai

145 2132 200 2214 qui
224 2131 319 2196 scatit
341 2137 372 2196 et
395 2131 499 2196 881888
522 2131 640 2196 circum
663 2151 697 2197 se
720 2131 861 2196 dimovet
883 2129 1008 2196 undas:

146 2253 180 2312 et
201 2246 308 2310 multis
331 2246 403 2311 81118
426 2248 559 2331 praebet
581 2248 766 2329 regionibus
789 2267 909 2329 aequor

144 2361 312 2427 utilitatem
338 2368 548 2445 opportunam
573 2362 742 2427 sitientibu'
766 2365 890 2449 nautis,

146 2477 234 2558 quod
259 2476 360 2541 dulcis
383 2479 465 2541 inter
488 2478 594 2542 881888
616 2478 698 2543 inter
720 2479 819 2542 vomit
841 2479 968 2543 undas.

71 2611 120 2659 885
147 2591 312 2675 sicigitur
334 2612 391 2675 per
414 2613 486 2656 eum
507 2599 641 2675 possunt
663 2612 828 2675 erumpere
850 2592 967 2657 sontem

87 2768 90 2774 .
146 2713 179 2772 et
201 2715 322 2771 scatere
344 2706 402 2770 illa
425 2707 510 2771 foras
533 2707 565 2781 18
589 2712 735 2790 stuppam
760 2707 903 2785 semina3
920 2729 983 2788 quo
1007 2729 1077 2773 cum

147 2822 341 2886 conveniunt
363 2829 418 2886 aut
440 2823 472 2886 18
495 2822 603 2887 taedai
627 2842 760 2905 corpore
783 2821 980 2906 adhaerent,

146 2937 318 3001 ardescunt
341 2936 437 3002 188118
461 2938 640 3022 88188818,
658 2939 734 3019 8818
757 2938 856 3002 88118
879 2957 1007 3020 888888
1030 2938 1061 3001 18
1085 2957 1119 3002 88
1157 3003 1167 3010 ,

145 3051 270 3117 888188
295 3053 414 3117 habent
437 3052 519 3136 iguis
542 3059 679 3137 stuppae
701 3053 881 3134 taedaeque
904 3053 1060 3138 tepentis.

68 3188 119 3235 888
147 3187 255 3232 88888
278 3165 369 3231 rides
393 3168 508 3243 ctiam,
525 3176 681 3231 nocturna
704 3166 745 3230 ad
768 3168 890 3232 lumina
912 3169 1012 3232 11888

146 3301 249 3363 nuper
270 3282 324 3346 ulri
348 3283 519 3346 extinctum
542 3282 737 3359 admoveas,
754 3282 923 3347 accendier
946 3290 1021 3348 ante

147 3416 244 3477 quam
268 3396 371 3477 tetigit
392 3395 574 3473 flammam,
591 3398 784 3478 taedamque
807 3398 878 3482 pari
900 3396 1052 3462 ratione?

147 3511 310 3591 multaque
333 3511 611 3597 practerea'prius
634 3511 703 3595 ipso
726 3517 811 3577 tacta
832 3532 953 3596 vapore

146 3626 269 3689 eminus
292 3626 465 3689 ardescunt
488 3645 583 3705 quam
608 3627 784 3690 comminus
806 3627 928 3692 imbuat
948 3627 1052 3707 ignis.

67 3714 120 3808 888
149 3740 209 3802 lroc
231 3739 324 3821 igitur
346 3738 415 3803 fieri
439 3759 566 3820 quoque
589 3739 621 3803 in
645 3740 700 3803 illo
724 3740 814 3806 fonte
837 3741 1061 3824 putandumst.

149 3920 230 3927 -Π
244 3921 350 3929 -..-

149 4041 200 4088 877
221 4039 346 4088 Deruittut
371 4040 384 4107 11
409 4043 459 4090 878
479 4042 609 4105 nobosque
635 4040 649 4110 11
676 4046 726 4093 879
746 4044 837 4106 Frigus
862 4041 874 4111 11
903 4042 1273 4116 88018811118878811811

149 4128 201 4176 888
222 4127 339 4174 l'reterea
358 4127 371 4194 11
393 4132 443 4178 889
456 4131 610 4180 conciliare.
633 4128 646 4197 11
667 4133 717 4179 890
736 4132 886 4195 marispurat
906 4136 919 4197 11
939 4134 988 4181 892
1002 4140 1102 4196 praeter
1121 4129 1133 4199 11
1154 4135 1273 4183 8948181-

149 4214 185 4262 eit
206 4212 219 4281 11
240 4216 289 4260 8911
304 4231 352 4275 que
372 4213 385 4281 11
406 4218 455 4264 897
470 4217 535 4266 deda
547 4234 656 4281 corpora
676 4215 689 4287 11
709 4219 759 4266 898
774 4219 817 4279 881
837 4216 850 4284 11
871 4221 921 4267 899
935 4227 1063 4268 tenentes.
1079 4217 1092 4286 11
1113 4220 1273 4271 9110188188
