2744 4658
142 222 204 287 206
681 216 726 280 VI

141 388 299 470 intellegit
320 387 364 452 ibi
387 387 497 453 vitium
521 409 579 453 vas
603 387 731 455 efficere
752 390 878 474 ipsum,

143 504 311 586 omniaque
334 502 420 569 illius
442 504 518 569 vitio
543 504 738 588 corrumpier
760 505 865 588 intus,

143 640 226 703 quae
250 619 378 684 conlata
399 618 499 696 foris,
517 625 548 684 et
569 620 758 696 commoda,
776 640 911 702 cumque
932 622 1097 701 venirent;

84 720 117 803 ao
142 737 254 818 partim
278 733 365 816 quod
387 733 505 798 fluxum
527 741 755 819 pertusumque
779 756 850 801 esse
872 734 1022 821 videbat,

142 858 177 915 ut
199 851 289 915 nulla
309 857 420 936 posset
442 851 567 916 ratione
590 851 748 936 explerier
769 870 942 932 umquam;

140 966 255 1051 partim
281 965 366 1047 quod
386 973 487 1035 taetro
512 967 606 1048 quasi
628 986 840 1050 conspurcare
863 986 979 1051 saporo

144 1080 252 1146 omnia
275 1081 446 1160 cernebat,
464 1101 548 1163 quae
571 1102 705 1164 cumque
728 1089 912 1166 receperat,
929 1081 1033 1147 intus.

142 1197 289 1264 veridicis
312 1196 409 1279 igitur
430 1198 577 1281 purgavit
599 1206 729 1282 pectora
754 1198 865 1283 dictis,

84 1334 116 1380 25
143 1319 175 1378 et
197 1313 290 1376 finem
314 1315 425 1378 statuit
448 1314 639 1399 cuppedinis
662 1321 758 1397 atque
781 1314 924 1399 timoris,

143 1429 354 1512 exposuitque
376 1430 494 1494 bonurn
519 1450 694 1506 summum,
712 1451 773 1512 quo
797 1430 956 1496 tendimus
978 1450 1109 1516 omnes,

144 1543 219 1624 quid
243 1543 342 1619 foret,
359 1549 456 1625 atque
478 1545 564 1610 viam
588 1547 791 1629 monstravit,
808 1546 935 1611 tramite
958 1566 1058 1629 parvo

144 1679 208 1741 qua
229 1679 397 1743 possemus
420 1659 462 1722 ad
484 1661 517 1723 id
539 1668 624 1724 recto
648 1661 842 1726 contendere
864 1682 977 1744 cursu,

144 1774 261 1857 quidve
284 1776 359 1838 mali
382 1774 464 1840 foret
486 1776 519 1840 in
541 1776 638 1841 rebus
661 1776 839 1841 mortalibu'
862 1776 1001 1861 passim,

87 1911 119 1958 ao
146 1890 232 1973 quod
254 1890 344 1955 tieret
366 1892 503 1955 naturali
526 1893 677 1973 varieque
700 1892 825 1957 volaret

143 2026 200 2071 seu
223 2027 321 2072 causa
345 2027 402 2072 seu
425 2009 476 2082 vi,
494 2008 578 2092 quod
602 2009 648 2072 sic
671 2015 786 2072 natura
810 2012 974 2091 parasset,

144 2128 176 2187 et
198 2124 313 2204 quibus
336 2142 354 2188 e
376 2124 477 2206 portis
500 2124 621 2188 occurri
645 2124 759 2205 cuique
782 2122 929 2197 deceret,

68 2215 71 2222 ¹
144 2244 175 2301 et
197 2257 300 2322 genus
323 2237 497 2302 humanum
519 2237 635 2303 frustra
657 2238 844 2322 plerumque
867 2238 1014 2322 probavit

144 2353 273 2419 volvere
296 2373 442 2418 curarum
465 2352 564 2419 tristis
585 2354 618 2417 in
639 2361 768 2438 pectore
791 2353 924 2419 fluctus.

84 2491 117 2536 as
143 2488 217 2532 nam
239 2469 288 2532 vel
311 2468 356 2531 uti
379 2468 469 2551 pueri
492 2469 654 2554 trepidant
677 2474 772 2551 atque
796 2469 902 2535 omnia
925 2469 1031 2534 caecis

147 2585 180 2648 in
203 2585 345 2649 tenebris
367 2584 592 2667 metuunt,-sic
614 2605 673 2649 nos
696 2585 729 2648 in
752 2584 824 2650 luce
846 2584 992 2650 timemus

146 2700 228 2764 inter
251 2698 326 2763 dum
340 2751 347 2774 ‚
363 2699 428 2764 nilo
453 2719 536 2781 quae
561 2707 633 2764 sunt
655 2701 827 2765 metuenda
849 2699 954 2780 magis
977 2719 1073 2781 quam

145 2835 227 2897 quae
249 2814 339 2898 pueri
361 2813 393 2877 in
417 2814 556 2879 tenebris
578 2814 724 2898 pavitant
746 2813 931 2897 finguntque
954 2812 1085 2878 futura.

143 2931 227 2995 hunc
249 2931 345 3010 igitur
367 2936 519 2993 terrorem
544 2928 641 2990 animi
662 2929 877 3010 tenebrasque
901 2935 1066 2994 necessest

85 3066 118 3112 ro
143 3066 207 3108 non
231 3043 315 3108 radii
337 3044 413 3108 solis
437 3061 496 3107 nec
519 3043 627 3106 lucida
649 3043 714 3107 tela
736 3044 800 3109 diei
837 3104 848 3128 ‚

145 3159 338 3241 discutiant,
355 3158 411 3222 sed
433 3164 567 3223 naturae
591 3160 715 3242 speeies
739 3158 904 3240 ratioque.

144 3295 205 3357 quo
230 3273 331 3355 magis
355 3274 516 3357 inceptum
540 3294 670 3357 pergam
694 3277 862 3358 pertexere
885 3273 997 3338 dictis.

184 3391 223 3452 Et
246 3389 398 3470 quoniam
421 3387 515 3453 docui
539 3388 647 3452 mundi
671 3388 820 3453 mortalia
841 3389 962 3472 templa

144 3523 215 3569 esse
238 3510 269 3567 et
292 3498 399 3569 nativo
424 3504 597 3569 consistere
622 3525 755 3589 corpore
779 3504 926 3586 caelum,

86 3642 119 3688 45
147 3629 179 3686 et
202 3640 283 3702 quae
306 3640 442 3703 cumque
465 3620 497 3683 in
521 3638 559 3684 eo
583 3619 662 3683 fiunt
683 3620 806 3684 fateare
829 3626 993 3684 necessest

143 3736 298 3820 pleraque
322 3734 477 3818 dissolui,
495 3755 578 3817 quae
601 3740 724 3800 restant
745 3735 875 3820 percipe
896 3754 1013 3818 porro,

149 4044 179 4088 17
199 4040 237 4089 fas
262 4037 275 4108 Η
301 4044 333 4089 22
354 4053 523 4101 conspurgare
544 4035 556 4103 Η
578 4039 610 4086 28
630 4046 699 4087 recta
719 4037 732 4104 Η
753 4040 786 4088 30
805 4039 882 4087 suerit
901 4037 913 4104 Η
935 4040 966 4086 31
987 4053 1048 4086 casu
1067 4032 1081 4104 Η
1100 4036 1234 4100 signatura
1253 4038 1267 4108 Η

148 4129 216 4178 32Ε
235 4126 247 4196 Η
270 4131 302 4177 33
321 4136 421 4192 prustra
440 4126 454 4191 Η
475 4128 508 4173 34
521 4126 632 4175 Volnere
653 4126 666 4192 Η
687 4127 719 4175 35
739 4126 832 4175 caelis.
854 4124 868 4195 Η
889 4129 923 4175 44
941 4135 967 4175 et
984 4127 1123 4177 omissum.
1146 4125 1160 4195 Η
1181 4131 1214 4177 45
1228 4129 1271 4178 tie·

147 4217 219 4280 rique
