2744 4658
160 243 201 307 82
699 237 743 300 111

103 427 136 474 so
161 409 297 494 percipit
318 410 474 474 humanos
497 407 606 472 odium
628 406 770 488 lucisque
793 404 970 481 videndae,

159 528 193 586 ut
215 523 275 588 sibi
299 524 498 589 consciscant
519 522 671 588 maerenti
694 527 822 605 pectore
845 522 962 595 letum,

161 637 252 701 obliti
273 637 393 703 fontem
417 657 563 702 curarum
586 637 671 726 huno
694 656 765 703 esso
787 636 956 710 timorem,

160 751 244 816 hunc
265 772 383 818 vexare
406 753 578 836 pudorem,
596 752 681 818 huno
701 752 831 816 vincula
856 749 1007 815 amicitiai

159 887 306 950 rumpere
329 875 360 932 et
382 868 414 932 in
437 889 560 934 summa
581 869 733 952 pietatem
754 873 896 932 evertere
920 863 1055 929 fraude:

101 1000 134 1047 so
159 1001 233 1045 nam
256 982 318 1046 iam
342 1002 443 1067 saepe
466 983 611 1048 homines
634 983 768 1067 patriam
793 999 950 1062 carosque
973 978 1114 1062 parentis

159 1095 386 1180 prodiderunt,
403 1097 503 1162 vitare
525 1097 700 1162 Acherusia
722 1072 840 1178 templa
860 1100 1027 1179 petentes.

93 1241 101 1251 ›
159 1231 234 1274 nam
256 1212 307 1276 vel
330 1213 373 1275 uti
397 1213 487 1296 pueri
509 1211 671 1296 trepidant
693 1218 787 1293 atque
811 1209 919 1274 omnia
941 1207 1046 1272 caecis

159 1325 190 1389 in
213 1326 353 1390 tenebrts
376 1333 537 1409 metuunt,
555 1327 601 1391 sio
623 1347 682 1391 uos
705 1327 737 1390 in
760 1326 832 1389 luce
854 1324 1000 1388 timemus

158 1440 241 1504 inter
263 1440 358 1523 dum,
376 1440 440 1504 nilo
464 1461 548 1522 quae
571 1450 643 1506 sunt
666 1441 838 1506 metuenda
860 1439 965 1520 magis
989 1458 1084 1520 quam

102 1576 134 1622 90
160 1574 242 1636 quae
265 1555 358 1638 pueri
380 1555 412 1617 in
435 1555 575 1619 tenebris
599 1556 744 1639 pavitant
765 1554 951 1637 finguntque
974 1552 1100 1617 futura.

157 1669 242 1733 huno
263 1668 359 1750 igitur
380 1674 533 1734 terrorem
557 1671 651 1734 animi
674 1670 885 1750 tenebrasque
908 1673 1070 1732 necessest

158 1785 221 1849 non
244 1782 326 1846 radii
349 1784 428 1848 solis
450 1804 553 1868 neque
574 1785 682 1850 lucida
704 1785 769 1848 tela
792 1784 856 1848 diei

158 1897 347 1980 discutiant,
365 1898 424 1963 sed
447 1903 581 1963 naturae
604 1900 729 1983 species
752 1899 919 1981 ratioque.

195 2012 336 2077 Primum
359 2015 497 2078 animum
520 2015 611 2098 dico,
628 2021 766 2079 mentem
787 2034 883 2094 quam
906 2030 1005 2095 saepe
1027 2028 1201 2086 vocamus,

101 2145 133 2193 95
157 2127 190 2190 in
214 2145 277 2207 quo
301 2127 468 2193 consilium
490 2128 574 2193 vitae
597 2129 805 2209 regimenque
827 2127 967 2191 locatum
990 2129 1058 2198 est,

160 2259 232 2306 esse
255 2240 393 2306 hominis
415 2247 540 2325 partem
564 2243 628 2307 nilo
651 2243 755 2306 minus
778 2263 816 2306 ao
837 2259 951 2305 manus
975 2245 1005 2303 et
1027 2258 1086 2323 pes

114 2411 122 2427 ‚
158 2359 252 2436 atque
276 2355 378 2419 oculei
401 2362 509 2439 partes
531 2357 701 2423 animantis
723 2358 819 2423 totius
846 2360 974 2421 extant.

157 2603 285 2648 sensum
310 2585 407 2649 animi
431 2592 518 2650 certa
541 2607 606 2651 non
627 2607 699 2652 esse
721 2587 754 2650 in
777 2591 870 2671 parte
891 2584 1054 2664 locatum,

155 2716 268 2762 uerum
290 2697 434 2763 habitum
457 2702 618 2782 quendam
639 2701 769 2767 vitalem
792 2699 936 2783 corpon‘s
958 2717 1051 2772 esse,

85 2830 133 2877 loo
158 2809 357 2876 harmoniam
381 2814 458 2878 Grai
481 2835 578 2896 quam
600 2816 727 2898 dicunt,
745 2812 830 2894 quod
853 2812 952 2878 faciet
973 2831 1034 2876 nos

155 2926 263 2992 vivere
285 2946 356 2990 cum
378 2916 497 3011 sensu,v
513 2929 603 2994 nulla
625 2949 696 2993 oum
718 2929 750 2992 in
773 2933 867 3013 parte
886 2928 948 2992 siet
966 2946 1076 3008 mens3

158 3046 193 3105 ut
214 3042 300 3105 bona
322 3061 423 3125 saepe
445 3042 598 3107 valetudo
622 3064 692 3108 oum
717 3043 833 3109 dicitur
855 3062 927 3108 esse

158 3154 367 3238 eorporis‚et
388 3148 523 3223 nonest
544 3165 653 3223 tamen
676 3159 757 3223 haec
779 3179 856 3243 pars
879 3158 946 3221 ulla
968 3155 1125 3221 valentis.

156 3270 202 3335 sic
226 3270 323 3334 animi
347 3290 475 3336 sensum
498 3294 562 3337 non
585 3279 673 3338 certa
695 3278 787 3358 parte
809 3278 987 3357 reponunt3

83 3404 132 3452 105
157 3404 277 3465 magno
300 3404 397 3469 opere
419 3386 452 3448 in
475 3408 537 3469 quo
561 3388 603 3450 mi
627 3387 744 3454 diversi
767 3408 875 3453 errare
897 3387 1065 3451 videntur.

157 3517 257 3583 saepe
278 3498 407 3584 itaque,
424 3500 456 3564 in
479 3507 627 3586 promptu
650 3522 766 3587 corpus
789 3501 877 3584 quod
899 3501 1056 3585 cernitur,
1072 3504 1205 3585 aegret‚

157 3634 228 3678 oum
250 3619 358 3679 tamen
381 3635 421 3681 ex
444 3617 510 3680 alia
532 3616 691 3681 laetamur·
713 3621 804 3700 parte
825 3615 958 3680 latenti:

158 3736 191 3796 et
213 3737 295 3795 retro
318 3729 353 3793 fit
374 3730 420 3795 uti
441 3740 552 3797 contra
574 3732 615 3796 sit
636 3750 736 3815 saepe
761 3730 921 3814 vicissim,

156 3864 226 3910 cum
248 3845 346 3910 miser
368 3864 408 3911 ex
431 3846 539 3912 animo
561 3846 701 3912 laetatur
723 3864 857 3930 corpore
879 3851 968 3927 t0t03
1033 3921 1036 3924 ,

157 4115 192 4162 81
210 4113 369 4163 couioiseunt
389 4109 402 4181 ΙΙ
422 4115 456 4162 84
474 4115 568 4178 pietate
588 4111 600 4183 Η
620 4115 725 4164 suadet.
746 4111 760 4182 Η
780 4115 813 4161 94
832 4125 907 4174 quem
926 4108 939 4179 Η
961 4112 993 4160 95
1007 4119 1125 4160 vocatum
1145 4106 1159 4180 Η
1179 4111 1229 4159 100
1242 4117 1280 4160 ta-

157 4201 211 4256 ciat
231 4200 245 4274 Η
266 4205 314 4270 106
334 4216 454 4267 aegrum.
476 4198 489 4273 Η
512 4205 560 4252 108
580 4201 624 4251 ubi
