2678 4658
650 247 709 311 1111
1179 253 1239 317 153

142 420 177 483 cui
196 421 322 486 Veneris
344 419 494 485 membris
517 419 564 483 vie
587 419 732 483 omnibus
756 418 936 483 exoriatur:

139 555 232 620 nempe
254 534 341 599 alise
367 554 494 617 quoque
518 540 611 598 sunt:
629 553 743 618 nempe
764 534 826 599 hac
849 534 917 599 sine
939 535 1074 600 viximus
1096 540 1190 598 ante:

135 670 231 734 nempe
253 649 368 716 eadem
392 649 489 733 facit,
507 655 538 714 et.
560 649 676 713 scimus
699 648 825 727 facere,
843 651 948 713 omnia
970 649 1073 733 turpi,

80 771 156 831 naret
174 765 320 830 miseram
343 765 455 830 taetris
478 784 512 829 se
535 763 620 829 suffit
643 763 794 828 odoribus
816 765 905 848 ipsa,

128 901 209 962 qnam
231 880 372 946 famulae
394 881 491 961 longe
515 878 655 959 fugitant
677 878 845 960 furtimque
868 879 1079 944 cachinnant.

125 1000 152 1059 st
171 995 342 1060 lacrimans
365 997 513 1062 exclusus
536 1000 660 1056 amator
683 993 791 1056 limina
814 1013 912 1077 saepe

123 1110 245 1175 floribus
268 1117 299 1174 et
321 1111 415 1175 sertis
438 1109 540 1193 operit
562 1108 725 1190 postisque
749 1109 903 1192 superbos

122 1225 227 1307 unguit
250 1224 436 1289 amaracino
460 1229 491 1288 et
513 1222 633 1287 foribus
657 1223 751 1286 miser
775 1223 885 1287 oscula
908 1222 995 1306 tigit3

67 1358 108 1405 nso
122 1360 210 1421 quem
232 1338 262 1405 si
283 1339 349 1402 ianr
371 1338 524 1402 ammissu
546 1336 724 1402 venientem
750 1338 920 1402 offenderit
940 1358 1021 1402 aura

118 1474 173 1519 nna
197 1453 315 1537 modo,
333 1473 449 1518 causas
472 1451 613 1516 abeundi
637 1460 772 1532 quaerat
793 1452 963 1529 honestas

117 1576 143 1633 ct
162 1569 321 1634 meditata
343 1566 399 1631 diri
423 1565 518 1632 cadat
540 1565 605 1631 alte
628 1573 755 1651 sumpta
779 1567 941 1650 querella,

117 1683 330 1764 stultitiaeque
352 1680 398 1745 ibi
421 1700 455 1746 se
477 1681 627 1765 damnet,
643 1681 794 1746 tribuisse
818 1680 902 1762 quod
926 1681 971 1744 illi

115 1798 181 1881 plns
205 1797 316 1861 rideat
338 1816 433 1878 quarn
458 1794 583 1859 mortali
605 1795 780 1859 consedere
802 1816 862 1879 par
885 1802 951 1860 est.

70 1928 171 1978 ncrec
194 1910 342 1975 Veneres
364 1917 492 1974 nostras
515 1910 575 1973 hoo
598 1908 700 1993 fallit3
719 1931 779 1991 quo
802 1906 906 1992 magis
928 1909 1020 1992 ipsae

116 2027 220 2093 omnia
243 2046 368 2090 summo
392 2044 488 2109 opere
511 2024 570 2089 hos
592 2024 676 2089 vitae
699 2025 872 2107 poscaenia
895 2025 1019 2108 celant,

116 2161 193 2223 quos
216 2140 357 2205 retinere
379 2140 488 2205 volunt
510 2139 743 2221 adstrictosque
769 2159 839 2205 esse
861 2140 892 2203 in
917 2160 1043 2223 amore,

115 2275 151 2320 ne
173 2256 352 2338 quiquam,
368 2255 520 2337 quoniam
542 2262 576 2319 tu
598 2255 704 2319 animo
729 2260 836 2320 tamen
860 2255 966 2320 ornnia
988 2255 1095 2340 possis

114 2371 302 2453 protrahere
324 2370 356 2434 in
380 2370 483 2436 lucem
506 2376 602 2452 atque
626 2369 727 2434 omnis
749 2369 909 2452 inquirere
930 2371 1030 2448 risus,

69 2500 104 2548 no
117 2490 165 2556 et,
181 2484 209 2549 si
232 2485 321 2550 bello
344 2485 482 2551 animost
507 2490 539 2549 et
560 2505 625 2550 non
649 2484 781 2567 odiosa,
798 2485 939 2552 vicissim

114 2599 389 2681 praetermittere
412 2605 443 2663 et
464 2599 612 2664 humanis
635 2599 811 2665 concedere
834 2601 948 2664 rebar.

150 2713 221 2779 Nec
245 2714 359 2778 mulier
381 2733 506 2799 semper
528 2714 600 2779 ficto
625 2715 764 2799 suspirat
786 2734 916 2797 amore,

115 2847 196 2910 quae
219 2827 381 2912 conplexa
402 2827 462 2892 viri
487 2849 602 2914 corpus
625 2850 695 2895 oum
719 2850 850 2914 corpore
873 2830 976 2913 iungit

113 2949 143 3009 et
163 2949 256 3009 tenet
278 2941 421 3009 adsuetis
445 2951 611 3010 umectans
635 2945 744 3010 oscula
767 2945 884 3010 labris:

68 3075 187 3125 rrsnnm
209 3058 290 3124 facit
312 3078 351 3124 ex
375 3059 480 3124 animo
503 3080 622 3145 saepe,
640 3066 676 3124 et
693 3061 873 3124 communia
897 3080 1055 3141 quaerens

111 3174 232 3256 gandia
256 3174 407 3241 sollicitat
429 3175 567 3259 spatium
589 3152 760 3239 decurrere
783 3174 921 3238 amoris.

114 3309 174 3355 nec
196 3289 325 3355 ratione
347 3289 412 3352 alia
433 3290 580 3354 volucres
603 3295 748 3353 armenta
770 3287 924 3370 feraeque

112 3410 143 3469 et
164 3402 310 3489 pecudes
333 3408 365 3468 et
387 3421 488 3484 equae
512 3404 653 3468 maribus
676 3402 842 3468 subsidere
865 3408 1020 3487 possunt,

110 3519 137 3583 si
159 3539 228 3585 non
250 3518 343 3604 ipsa,
361 3515 446 3600 quod
468 3516 594 3582 illorum
619 3519 732 3601 subal,
749 3519 841 3582 ardet
863 3517 1031 3582 abundans

67 3648 97 3698 so
112 3640 232 3700 natura
254 3639 288 3700 et
310 3632 468 3700 Venerem
490 3633 660 3697 salientum
682 3633 768 3697 laeta
791 3637 961 3697 retractat.

109 3768 217 3815 nonne
240 3747 335 3815 vides
359 3746 456 3812 etiam
480 3767 559 3829 quos
582 3752 692 3810 mutua
715 3766 811 3830 saepe
833 3747 980 3830 voluptas

111 4056 179 4103 1114
197 4050 299 4116 turpis.
321 4046 336 4118 Η
362 4051 428 4098 1176
448 4050 519 4113 longi
538 4049 638 4113 fugitan
664 4047 677 4115 Η
705 4051 770 4099 1180
789 4051 894 4099 missum
919 4047 931 4117 Η
958 4053 1024 4099 1182
1044 4048 1115 4098 cadet
1135 4044 1148 4114 Η
1170 4048 1237 4096 1183

108 4140 280 4204 Sffitisque
298 4133 314 4206 Η
336 4137 405 4185 1186
424 4138 571 4200 postcaenia
587 4134 599 4204 Η
622 4139 688 4186 1188
701 4153 802 4200 posses.
824 4133 837 4203 Η
859 4140 922 4186 1191
940 4146 964 4187 et
977 4136 1113 4186 omissum.
1136 4127 1147 4198 Η
1170 4135 1237 4184 1198

106 4236 229 4297 panna
250 4223 268 4295 Η
291 4225 363 4277 1200
381 4223 515 4276 salientum
536 4221 549 4291 Η
569 4232 722 4274 renarrant.
