2744 4658
692 245 720 308 V

85 435 121 483 50
147 411 307 499 expulerit
329 413 441 497 dictis,
456 434 522 478 uon
545 414 663 497 armis,
681 435 787 479 nonne
810 413 937 479 decebit

146 529 230 594 huno
252 528 412 593 hominem
436 549 567 594 numero
591 529 696 594 divom
720 528 883 612 dignarier
904 532 1003 595 esse?

147 664 219 709 cum
243 645 325 709 bene
346 644 534 726 praesertim
558 644 657 708 multa
679 664 717 708 ac
739 644 889 708 divinitus
912 643 990 728 ipsis

148 757 370 822 immortalibu'
394 757 435 821 de
458 757 540 822 divis
564 758 639 823 dare
664 759 748 822 dicta
771 759 868 823 suerit

148 881 245 956 atque
268 892 394 937 omnem
417 893 518 937 rernm
543 880 689 939 naturam
712 873 854 957 pandere
877 873 988 938 dictis.

87 1009 121 1056 oo
192 988 289 1053 Cuius
313 1007 374 1069 ego
397 989 561 1068 ingressus
584 989 720 1070 vestigia
743 989 818 1051 dum
840 988 982 1053 rationes

148 1122 328 1187 persequor
350 1122 388 1166 ac
410 1101 510 1165 doceo
535 1101 646 1185 dictis,
665 1123 726 1184 quo
750 1122 897 1184 quaeque
921 1110 1026 1166 creata

148 1216 279 1282 loedere
302 1216 382 1299 sint,
397 1217 429 1279 in
454 1236 492 1281 eo
516 1237 613 1298 quam
636 1218 676 1282 sit
699 1219 812 1281 durare
837 1237 1003 1282 necessum

148 1351 208 1396 nec
230 1331 356 1396 validas
378 1333 508 1395 valeant
529 1334 600 1397 aevi
623 1333 805 1398 rescindere
829 1334 937 1414 leges,

148 1467 212 1528 quo
236 1465 354 1529 genere
377 1447 410 1509 in
432 1447 541 1530 primis
565 1447 662 1510 animi
686 1453 799 1511 natura
822 1454 949 1530 reperta
971 1455 1019 1510 ost

89 1583 124 1629 oo
151 1562 260 1626 nativo
281 1562 416 1645 primurn
439 1562 621 1626 consistere
635 1580 769 1644 corporo
793 1569 880 1627 creta

149 1696 209 1743 nco
230 1697 327 1761 posse
350 1677 526 1742 incolumia·
542 1697 692 1758 magnum
715 1678 830 1742 durare
852 1697 910 1761 per
932 1697 1065 1760 aevom,

150 1791 209 1856 sed
230 1791 403 1856 simulacra
426 1790 529 1856 solere
552 1791 584 1853 in
608 1791 728 1861 somnis
750 1790 864 1857 fallere
888 1798 1045 1867 mentem,

151 1925 279 1972 eernere
302 1926 371 1970 cum
395 1905 560 1969 videamur
582 1926 652 1970 curn
677 1926 769 1986 quern
793 1907 857 1969 vita
878 1907 1025 1987 reliquit,

153 2021 237 2103 quod
258 2040 354 2105 super
377 2026 443 2104 est,
461 2040 544 2115 nunno
566 2019 628 2084 lmo
650 2020 781 2084 rationis
804 2021 917 2084 detulit
939 2023 1058 2105 ordo„
1144 2060 1147 2065 -

90 2156 123 2203 ce
149 2141 185 2200 ut
204 2135 283 2200 mihi
305 2135 432 2200 mortali
455 2135 629 2201 consistere
653 2155 786 2219 corpore
809 2136 959 2200 mundum

149 2251 353 2332 nativomque
377 2250 469 2314 simul
494 2253 572 2314 ratio
597 2251 765 2315 reddunda
788 2253 942 2332 sit-esse3

151 2371 183 2432 et
205 2366 320 2448 quibus
342 2365 396 2428 ille
420 2362 523 2428 modis
546 2384 738 2444 congressus
761 2366 906 2431 materiai

149 2479 293 2545 fundarit
314 2487 451 2562 terram,
470 2480 612 2555 caelum,
630 2499 736 2561 mane,
754 2481 882 2561 sidera,
900 2481 1020 2563 solem,

148 2595 301 2678 lunaique
324 2596 473 2680 globu1n;
489 2599 555 2656 tum
579 2613 661 2674 quac
684 2592 797 2657 tellure
820 2593 1002 2658 animantes

90 2731 124 2778 το
151 2711 311 2776 extiterint
324 2715 380 2788 ‚et
402 2729 483 2792 quae
507 2709 593 2772 nullo
616 2708 679 2773 sint
701 2717 843 2790 tempore
868 2714 982 2786 natac3

150 2844 254 2907 quove
276 2826 371 2889 modo
394 2845 495 2906 genus
518 2825 689 2888 lmmanum
711 2822 856 2888 variante
879 2822 1021 2903 loquella

151 2940 293 3024 coeperit
314 2941 396 3004 inter
418 2959 453 3004 se
476 2940 560 3004 vesci
583 2959 641 3023 per·
663 2939 792 3003 nomina
814 2957 937 3019 rerum;

151 3060 184 3119 et
205 3055 320 3136 quibus
342 3055 397 3119 ille
418 3053 522 3119 modis
546 3053 653 3119 divom
676 3060 778 3116 metus
800 3043 967 3116 insinuarit

151 3174 299 3253 pectora,
316 3174 469 3233 terrarum
495 3169 603 3262 quirin
627 3166 695 3232 orbi
718 3174 829 3231 sancta
852 3173 957 3230 tuetur

90 3304 124 3352 re
152 3282 229 3348 sana
251 3284 341 3349 lacus
363 3284 453 3349 lucos
477 3303 553 3348 aras
576 3283 810 3363 simulacraque
833 3280 960 3346 divom.

151 3404 318 3484 praeterea
341 3400 418 3464 solis
442 3419 553 3463 cursus
575 3400 733 3478 lunaeque
755 3404 880 3460 meatus

150 3514 320 3598 expediam
343 3535 408 3596 qua
430 3515 461 3578 vi
483 3514 592 3578 flectat
614 3513 729 3576 natura
751 3513 955 3593 gubernans3

150 3648 190 3695 ne
212 3628 295 3694 sorte
320 3631 399 3693 hacc
419 3629 501 3693 inter
525 3629 647 3693 caelum
672 3633 854 3707 terramque
878 3646 1003 3690 reamur

149 3745 253 3811 libera
274 3750 388 3828 sponte
410 3764 470 3809 sua
493 3762 603 3808 cursus
625 3742 763 3806 lustrare
786 3741 955 3824 perennis,

90 3880 125 3929 80
151 3860 312 3944 morigera
334 3859 377 3923 ad
399 3857 505 3940 fruges
527 3856 696 3938 augendas
718 3864 814 3937 atque
838 3855 1028 3935 animantis,

150 3994 232 4040 neve
256 3974 368 4057 aliqua
391 3972 497 4038 divom
520 3971 606 4037 volvi
629 3972 752 4036 ratione
774 3976 944 4055 putemus.

154 4220 189 4271 53
210 4234 224 4268 c
244 4215 257 4285 Η
278 4222 307 4267 61
329 4217 456 4268 incolume
477 4214 490 4283 Η
511 4221 542 4266 lii
562 4216 711 4266 numeriam.
732 4213 744 4283 lg
768 4218 799 4264 70
818 4215 857 4264 sin
877 4212 890 4283 ΙΙ
913 4220 940 4264 71
963 4214 1077 4278 loquela.
