2744 4658
197 227 240 292 30
755 223 770 288 l

191 393 369 479 principio,
392 414 498 460 rerum
520 413 616 474 quom
640 392 716 458 dicit
739 394 1021 479 homoeomerian,

119 529 168 576 885
195 530 290 593 8888,
313 508 482 593 videlicet,
507 527 525 573 8
547 508 700 592 pauxillis
723 514 821 590 atque
843 512 971 576 minutis

196 624 322 689 ossibus
345 624 396 688 hic
419 629 450 688 88
473 624 514 689 <le
536 624 688 713 pauxillis
711 630 807 706 atque
829 625 957 691 minutis

193 739 368 805 visceribus
391 740 502 804 viscus.
517 738 607 822 gigni
631 760 841 824 sanguenque
862 740 964 806 creari

193 853 361 937 sauguinis
383 853 465 919 inter
488 873 522 918 se
545 853 653 919 multis
677 855 855 921 coeuntibu’
878 855 977 939 guttis

195 989 236 1033 ex
259 968 393 1050 aurique
416 973 507 1052 putat
529 969 618 1034 micis
642 969 817 1035 consistere
839 989 936 1053 posse

119 1105 170 1152 aro
195 1105 308 1148 aurum
331 1085 424 1149 etde
447 1084 676 1151 torristonam
701 1104 908 1150 concrescere
930 1085 1059 1168 parvis,

194 1198 324 1282 ignibus
346 1218 387 1263 ex
409 1197 511 1281 ignis,
535 1220 678 1265 umorem
701 1200 865 1266 umoribus
893 1218 985 1283 esse,

196 1320 302 1380 cetera
324 1313 482 1378 consimili
504 1314 595 1400 lingit
616 1316 740 1381 ratione
762 1321 937 1399 putatque.

138 1414 145 1428 x
195 1451 253 1495 nec
273 1436 382 1494 tamen
405 1449 475 1495 8888
498 1429 565 1493 8118
587 1428 674 1496 idem
697 1451 736 1496 ex
759 1435 849 1515 parce
871 1429 904 1493 in
927 1428 1022 1494 rebus
1044 1429 1141 1495 inane

195 1544 361 1628 concedit,
384 1563 490 1625 neque
512 1546 700 1629 corporibus
721 1546 816 1611 linem
840 1564 912 1609 esse
935 1543 1104 1609 secandis.

120 1684 170 1730 845
197 1680 295 1743 quare
317 1659 350 1723 in
373 1664 506 1740 utraque
528 1658 605 1723 mihi
627 1661 745 1744 pariter
767 1660 893 1724 ratione
916 1658 1039 1722 videtur·

126 1806 128 1808 ·
197 1795 305 1843 errare
327 1781 424 1855 atque
446 1773 512 1858 illi,
537 1795 635 1858 supra
658 1796 738 1863 quos
761 1773 901 1838 diximus
924 1778 1020 1837 8888.

194 1891 278 1957 adde
302 1890 388 1971 quod
411 1889 563 1954 inbecilla
584 1890 679 1955 nimis
701 1890 878 1975 primordia
899 1888 1008 1972 fingit3

195 2009 222 2074 si
244 2005 420 2092 primordia
443 2010 536 2081 sunt,
559 2004 655 2069 simili
678 2025 760 2087 quae
782 2006 930 2090 praedita
953 2008 1100 2068 constant

197 2130 311 2188 natura
333 2126 428 2202 atque
451 2120 542 2203 ipsae
563 2139 615 2184 res
638 2125 731 2202 sunt,
754 2104 923 2202 aequeque
943 2121 1093 2185 laborant

121 2262 171 2309 858
197 2243 229 2304 88
251 2240 406 2320 pereunt,
430 2253 535 2316 neque
556 2233 598 2298 ab
622 2234 718 2297 exitio
742 2255 793 2300 res
815 2236 882 2300 ulla
902 2235 1064 2302 refrenat.

196 2374 269 2417 nam
294 2349 369 2431 quid
392 2348 425 2413 in
447 2368 602 2432 oppressu
624 2347 730 2413 valido
754 2349 881 2414 durabit
905 2371 1035 2428 eorum,

195 2472 229 2531 ut
251 2471 385 2529 mortem
408 2463 560 2544 effugiat,
583 2463 639 2527 leti
663 2465 722 2529 sub
747 2464 897 2530 dentibus
919 2465 1026 2550 ipsis?

196 2582 300 2662 ignis,
318 2600 358 2642 an
375 2599 485 2662 umor,
502 2598 544 2642 an
560 2579 664 2642 aura?
681 2578 756 2660 quid
771 2580 909 2645 horum?
924 2581 1097 2662 sanguen?
1113 2600 1167 2655 os,
1185 2582 1326 2645 aurum?

197 2695 259 2779 nil,
284 2701 319 2756 88
341 2694 474 2777 opinor,
498 2694 552 2757 ubi
575 2713 615 2759 ex
639 2715 744 2778 aequo
768 2714 819 2759 res
842 2695 984 2759 lunditus
1007 2694 1109 2760 omnis
1206 2706 1210 2715 ‘

120 2832 171 2878 855
197 2818 264 2874 tam
286 2808 430 2873 mortalis
453 2808 511 2872 erit
535 2828 631 2889 quam
654 2828 738 2890 quae
760 2808 933 2874 manifesta
956 2809 1099 2875 videmus

197 2946 237 2991 eu
260 2923 361 2989 oculis
384 2924 499 2988 nostris
523 2923 633 3004 aliqua
655 2924 685 2987 vi
708 2924 793 2988 victa
815 2925 942 3007 perire.

195 3019 228 3105 at
251 3059 355 3120 neque
378 3036 538 3102 reccidere
561 3038 604 3101 ad
627 3037 726 3102 nilum
748 3058 799 3103 res
821 3058 1044 3124 possesneque
1067 3044 1174 3102 autem

197 3149 341 3220 crescere
364 3152 404 3217 de
425 3152 490 3216 uilo
514 3156 612 3216 testor
635 3173 686 3217 res
710 3159 785 3220 8888
808 3154 983 3237 probatas.

196 3276 365 3355 praeterea
387 3266 538 3350 quoniam
562 3268 651 3331 cibus
675 3275 773 3352 auget
795 3288 909 3353 corpus
932 3269 1073 3350 alitque,

32 3396 34 3400 “
121 3407 171 3453 aso
197 3386 278 3451 scire
299 3383 376 3448 licet
399 3382 492 3447 nobis
515 3401 615 3446 venas
639 3388 670 3447 88
693 3403 839 3468 sanguen
861 3391 893 3450 et
915 3404 991 3450 ossa

196 3614 264 3679 sive
287 3615 375 3680 cibos
399 3613 501 3678 omnis
525 3614 694 3677 commixto
718 3632 852 3696 corpore
872 3612 979 3677 dicent

199 3750 270 3796 esse
293 3734 326 3793 88
346 3727 468 3793 habere
489 3727 530 3791 in·
546 3748 581 3793 se
604 3747 772 3792 nervorum
797 3746 933 3811 corpora
955 3746 1058 3811 parva

202 3913 402 3923 ...—...--—---

198 4037 249 4085 834
268 4049 345 4098 quam
373 4031 386 4100 Η
416 4033 466 4082 835
485 4033 516 4081 de
545 4029 558 4101 Η
587 4034 636 4082 837
656 4044 827 4094 sanguemqne
853 4030 866 4099 Η
897 4033 946 4080 843
967 4034 1025 4081 iden
1044 4040 1115 4095 88888
1142 4028 1160 4112 Η
1185 4033 1235 4079 848
1256 4028 1328 4078 snira

199 4124 266 4185 qnod
281 4119 295 4190 Η
309 4125 358 4170 847
373 4120 495 4169 inbecilla
509 4117 522 4188 Η
540 4121 589 4168 852
603 4119 699 4168 efficiat
713 4116 727 4186 Η
741 4120 791 4167 853
805 4119 907 4182 sanguis
921 4135 953 4167 an
966 4135 1009 4166 os.
1026 4119 1039 4185 Η
1053 4135 1143 4167 aurum
1155 4118 1294 4168 cariosam.
1311 4113 1325 4184 Η

202 4213 253 4258 860
272 4209 380 4272 sanguin
402 4206 415 4275 Η
436 4210 484 4256 861
506 4206 566 4255 Sine
587 4206 599 4274 Η
621 4223 679 4254 core
699 4204 713 4274 Η
733 4210 783 4255 882
803 4207 874 4257 Esset
891 4207 984 4255 habere
