2744 4658
161 237 205 306 50
707 232 737 298 Il

159 402 194 466 id
216 403 292 467 faoit
314 403 464 485 exiguum
487 406 648 471 clinamen
670 405 897 489 principiorum

160 537 219 582 neo
241 519 373 599 regione
395 517 458 585 looi
481 525 568 585 oerta
590 540 650 585 neo
672 526 814 603 tempore
837 524 944 584 nerto.

200 632 268 696 Neo
290 633 407 717 stipata
429 634 534 716 magis
557 633 616 698 fuit
638 654 789 714 umquam
811 633 957 697 materiai

86 766 136 813 200
162 747 256 830 eopia
277 768 337 812 neo
357 769 453 832 porro
477 749 652 813 maioribus
676 748 874 814 intervallis:

160 881 233 924 nam
256 881 361 943 neque
383 863 572 943 adaugescit
594 865 763 945 quiequam
787 883 891 944 neque
913 861 1036 946 deperit
1057 861 1153 926 inde.

162 981 379 1059 quapropter
401 997 463 1058 quo
486 998 570 1042 nuno
590 978 623 1042 in
646 984 733 1042 motu
755 978 982 1061 principiorum

161 1109 297 1173 corpora
319 1098 410 1174 sunt,
426 1093 459 1155 in
482 1092 593 1157 eodem
617 1100 690 1158 ante
714 1099 788 1158 aeta
810 1098 916 1157 aetate
938 1091 1027 1155 fuere

161 1210 193 1268 et
214 1211 288 1288 post
310 1204 392 1270 haee
414 1227 541 1290 semper
563 1209 657 1272 simili
680 1209 804 1273 rationo
827 1207 987 1289 ferentur,

86 1338 136 1384 300
162 1326 193 1383 et
215 1340 297 1401 quae
321 1323 503 1386 oonsuerint
525 1324 612 1407 gigni
636 1325 807 1407 gignentur
830 1321 942 1387 eadem

161 1432 348 1498 eondioione
373 1441 404 1500 et
427 1444 518 1500 erunt
540 1445 571 1502 et
593 1444 737 1502 oresoent
757 1440 851 1520 vique
878 1436 1050 1518 valebunt,

162 1555 312 1629 quantum
337 1550 449 1631 ouiquo
472 1552 580 1616 datum
603 1560 651 1617 est
672 1573 730 1636 per
752 1551 887 1616 foedera
905 1551 1050 1646 naturai..

160 1683 219 1728 neo
241 1685 346 1728 rerum
368 1686 523 1731 summam
546 1675 738 1732 commutare
759 1668 826 1731 ulla
848 1672 953 1751 potest
974 1665 1043 1728 vis:

161 1799 236 1843 narn
257 1771 361 1861 neque
385 1801 447 1862 quo
470 1782 572 1866 possit
593 1800 695 1865 genus
716 1782 815 1845 ullum
836 1781 981 1845 materiai

85 1913 135 1960 305
161 1895 302 1976 effugere
325 1917 364 1959 ex
387 1897 474 1960 omni
497 1896 665 1978 quiequam
688 1902 753 1979 est,
771 1916 874 1978 neque
897 1897 931 1959 in
953 1915 1047 1960 omne
1070 1892 1213 1959 seorsum

161 2013 246 2076 unde
269 2019 379 2076 ooorta
401 2018 497 2093 queat
519 1996 603 2075 ndva
623 2011 673 2074 vis
695 2012 876 2093 inrumpere
899 2019 929 2074 et
952 2029 1079 2075 ornnem

100 2100 105 2111 Ι
159 2131 305 2191 naturam
328 2146 429 2190 rerum
453 2132 575 2191 mutare
599 2131 630 2189 et
653 2131 777 2189 vertere
800 2131 924 2189 motus.

198 2241 281 2304 Illud
303 2242 335 2304 in
358 2241 409 2306 his
431 2241 525 2305 rebus
548 2261 611 2304 non
635 2246 683 2304 est
704 2240 868 2319 mirabile,
887 2258 1005 2321 quare,

159 2355 268 2418 omnia
292 2376 362 2419 oum
384 2355 686 2447 rerumflprimordia
708 2356 824 2419 sintin
848 2361 954 2436 motu,

84 2489 134 2536 310
159 2490 283 2534 summa
305 2476 412 2534 tamon
436 2490 559 2534 summa
582 2470 727 2535 videatur
748 2477 834 2535 stare
859 2468 982 2551 quiete,

158 2592 286 2668 praeter
309 2605 402 2665 quarn
426 2585 530 2666 siquid
553 2585 682 2668 proprio
706 2585 763 2649 dat
785 2603 918 2666 corpore
940 2588 1065 2646 motus.

160 2700 262 2764 orunis
285 2700 370 2764 enirn
392 2700 489 2781 longe
512 2701 629 2765 nostris
651 2701 693 2775 ab
715 2698 862 2763 sensibus
884 2697 968 2760 infra

158 2816 331 2897 primorum
353 2821 468 2878 natura
489 2815 591 2896 ianet3
609 2833 673 2894 qua
695 2811 912 2895 p1·opter‚ubi
936 2812 1007 2894 ipsa

158 2949 288 2993 eernere
309 2930 373 2993 iam
396 2949 558 3012 nequeas,
574 2934 678 2991 motus
702 2947 828 3010 quoque
852 2946 982 3010 surpere
1005 2927 1142 3001 debent;

84 3065 133 3111 315
157 3044 345 3128 praesertim
368 3064 458 3119 oum,
475 3061 559 3123 quae
582 3043 741 3126 possimus
765 3063 916 3118 eernere,
933 3042 1036 3107 oelent

158 3180 257 3243 saepe
279 3165 386 3222 tamen
408 3166 530 3237 motum
548 3160 653 3241 spatio
678 3157 807 3221 diducta
828 3158 990 3222 locorum.

158 3296 231 3338 nam
255 3294 354 3358 saepe
377 3276 410 3337 in
434 3274 507 3339 colli
529 3273 699 3337 tondentes
722 3273 840 3354 pabula
861 3273 948 3337 laeta

158 3388 323 3471 lanigerae
345 3396 471 3472 reptant
492 3389 634 3473 pecudes
657 3408 718 3469 quo
743 3408 902 3470 quamque
923 3395 1075 3453 vooantes

156 3505 290 3568 invitant
313 3505 430 3569 herbae
452 3509 650 3588 gemmantes
674 3524 744 3568 rore
766 3505 905 3580 recenti,

83 3640 134 3686 320
160 3627 191 3685 et
213 3620 319 3684 satiati
343 3620 416 3704 agni
440 3618 551 3682 ludunt
573 3620 754 3701 blandeque
778 3626 964 3696 oorusoant3

159 3735 268 3799 omnia
290 3755 373 3815 quae
398 3735 490 3800 nobis
510 3736 608 3816 longe
632 3734 763 3798 confusa
787 3734 933 3799 videntur

158 3857 190 3916 et
210 3851 262 3916 vel
285 3850 371 3915 utin
394 3850 488 3915 viridi
510 3849 629 3916 candor
652 3851 825 3935 consistere
849 3850 943 3915 oolli.

160 4117 317 4188 2340111011
337 4122 386 4169 301
411 4120 487 4183 viquo
508 4116 521 4186 Η
542 4122 592 4169 305
616 4119 643 4168 in
667 4134 770 4169 omnes.
791 4115 805 4187 Η
825 4121 875 4168 313
899 4117 998 4182 ipsum.
1019 4113 1032 4186 Η
1053 4118 1104 4166 314
1128 4133 1250 4184 asurpere
1271 4117 1285 4190 Η

161 4211 212 4264 318
231 4225 308 4272 quam
327 4207 340 4277 Η
362 4210 413 4257 320
432 4209 508 4258 satiat
528 4204 541 4278 Η
562 4210 611 4257 322
632 4208 669 4258 uti
