2744 4658
648 251 696 313 111

36 447 87 494 reo
115 423 191 507 quid
214 422 243 487 si
265 427 374 506 posset
394 422 621 486 enimimulto
644 421 731 505 prius
753 421 826 505 ipsa
848 421 944 485 animi
966 423 1015 487 vis

108 539 143 603 in
166 538 270 621 eapite
293 542 350 602 aut
371 537 488 602 umeris
510 544 565 602 aut
587 536 659 600 imis
683 535 823 601 calcibus
846 557 918 601 esse

108 657 242 738 posset,
258 658 290 717 et
310 651 432 717 innasci
457 652 570 735 quavis
591 652 623 715 in
646 656 739 735 parte
760 650 877 715 soleret

106 767 238 832 tandem
260 767 293 831 in
316 761 580 832 eodem'homine
603 773 700 848 atque
723 765 756 828 in
779 764 890 831 eodem
914 785 992 830 vase
1015 786 1166 832 manere.

106 883 194 965 quod
218 882 367 966 quoniam
389 887 497 947 nostro
523 901 648 963 qnoque
671 886 794 945 eonstat
817 900 951 965 eorpore
974 887 1112 959 certum,

30 1020 81 1067 795
108 997 361 1081 dispositumque
382 996 509 1062 videtur
531 997 586 1060 ubi
608 1016 680 1061 esse
703 1002 734 1059 et
756 1015 898 1060 creseere
920 997 1022 1080 possit

106 1131 233 1178 sorsum
256 1111 364 1175 anima
386 1117 481 1192 atque
503 1112 648 1195 animus,
664 1117 751 1174 tanto
774 1112 876 1193 magis
898 1109 1096 1175 infitiandum

106 1232 209 1291 totum
231 1245 328 1310 posse
353 1232 442 1291 extra
464 1247 579 1310 eorpus
601 1226 717 1290 durare
739 1225 899 1306 genique.

107 1359 229 1423 quare,
245 1360 361 1425 eorpus
383 1341 438 1406 ubi
460 1339 597 1424 interiit,
614 1340 749 1425 periisse
771 1346 934 1404 necessest

106 1452 280 1520 confiteare
303 1455 443 1520 animam
466 1454 651 1518 distractam
672 1455 705 1518 iu
729 1474 863 1538 corpore
886 1460 971 1519 tote.

29 1590 81 1638 aoo
107 1570 228 1653 quippe
251 1569 369 1634 etenim
391 1568 523 1632 mortale
547 1576 677 1635 aeterno
699 1569 833 1650 iungere
857 1576 887 1634 et
908 1589 973 1633 una

108 1683 291 1749 consentire
314 1690 427 1768 putare
451 1688 482 1747 et
503 1683 594 1768 fungi
616 1690 722 1748 mutua
745 1703 842 1767 posse

109 1796 306 1882 desiperent:
325 1797 401 1880 quid
424 1798 507 1862 enim
530 1798 687 1863 diversius
711 1818 781 1863 esse
803 1798 1011 1881 putandumst

111 1918 163 1977 aut
183 1913 290 1995 magis
312 1914 393 1979 inter
416 1930 452 1976 se
476 1910 666 1975 disiunctum
691 1912 985 1995 discrepitansque,

109 2047 203 2111 quam
226 2029 359 2093 mortale
382 2026 467 2109 quod
492 2031 539 2090 est
560 2025 721 2090 inmortali
744 2032 840 2108 atque
862 2027 996 2111 perenni

22 2160 80 2210 eos
108 2139 248 2207 iunctum
270 2142 302 2206 in
325 2143 458 2208 coneilio
481 2161 597 2207 saevas
619 2139 758 2205 tolerare
780 2142 969 2225 proeellas?

21 2278 79 2326 ere
109 2256 194 2339 quod
217 2258 245 2323 si
267 2258 349 2322 forte
371 2258 444 2322 ideo
468 2257 572 2338 magis
593 2256 779 2321 immortalis
802 2258 1000 2335 habendam,

110 2372 197 2455 quod
219 2373 369 2439 letalibus
392 2375 434 2438 ab
456 2374 552 2437 rebus
574 2371 696 2434 munita
717 2377 861 2453 tenetur,

109 2495 163 2554 aut
185 2489 262 2571 quia
284 2509 347 2554 nou
369 2488 500 2554 veniunt
522 2487 649 2552 omnino
674 2487 781 2552 aliena
804 2488 937 2562 salutis,

111 2610 165 2670 aut
188 2605 262 2687 quia
284 2626 367 2687 quae
389 2604 520 2669 veniunt
542 2602 652 2683 aliqua
675 2600 797 2666 ratione
821 2602 972 2668 recedunt

110 2721 204 2804 pulsa
225 2721 314 2805 prius
337 2741 431 2802 quam
455 2717 532 2801 quid
554 2723 691 2782 noceant
713 2717 831 2782 sentire
854 2737 1029 2800 queamus,
1077 2754 1086 2767 ·

109 2957 238 3036 praeter
261 2949 344 3015 enirn
370 2969 465 3032 quam
490 2953 576 3031 quod
599 2951 718 3015 morbis
742 2970 813 3015 eum
837 2948 979 3033 eorporis
1003 2944 1133 3032 aegret,

26 3089 83 3137 825
113 3066 245 3132 advenit
266 3065 298 3129 id
322 3066 407 3147 quod
429 3084 501 3129 eam
524 3064 682 3129 derebus
705 3085 802 3149 saepe
825 3065 939 3130 futuris
1104 3094 1122 3131 ο

109 3186 253 3246 macerat
274 3181 370 3262 inque
393 3187 477 3246 metu
499 3178 583 3244 male
606 3179 703 3245 habet
725 3180 873 3261 rurisque
897 3180 1031 3263 fatigat,

112 3297 353 3381 praeteritisque
376 3296 459 3361 male
482 3295 630 3360 admissis
652 3301 785 3379 peecata
807 3294 1009 3360 remordent.

111 3412 195 3478 adde
217 3413 355 3478 furorem
378 3411 476 3476 animi
499 3410 659 3494 proprium
683 3417 780 3492 atque
804 3409 923 3475 oblivia
944 3427 1068 3486 rerum,

112 3528 196 3593 adde
220 3527 307 3610 quod
328 3528 361 3592 in
384 3527 491 3611 nigras
513 3525 650 3606 lethargi
672 3525 826 3606 mergitur
847 3523 970 3589 undas.

30 3665 85 3713 aee
152 3643 207 3708 Nil
229 3643 325 3728 igitur
347 3664 433 3707 mors
457 3649 505 3707 est
527 3641 571 3705 ad
593 3660 652 3705 nos
675 3661 778 3722 neque
800 3641 936 3724 pertinet
958 3639 1076 3716 hilum,

110 3759 367 3842 quandoquidem
390 3765 505 3825 natura
527 3756 625 3820 animi
646 3757 790 3821 mortalis
812 3757 967 3822 habetur.

1103 3899 1116 3929 ἱ

114 4064 163 4113 790
183 4063 259 4125 Quod
280 4058 293 4130 ll
316 4065 364 4111 798
382 4065 474 4127 perisse
495 4063 508 4131 Η
529 4066 579 4112 800
598 4064 731 4111 mortalem
756 4060 769 4130 ll
794 4064 844 4110 804
864 4060 986 4124 perenni.
1012 4055 1026 4127 Η
1052 4058 1101 4106 805
1121 4055 1202 4104 salvas
1224 4049 1237 4120 Η

113 4152 501 4210 sos-sra=v‚err-eoa.
523 4149 536 4219 p
560 4153 610 4201 sao
629 4136 749 4201 v'italibus
769 4146 782 4218 Η
803 4148 980 4199 ritmorum
999 4144 1012 4216 p
1032 4144 1130 4208 aegro.
1152 4139 1165 4209 Η
1186 4144 1236 4192 sae

112 4236 226 4291 Maceret
245 4234 259 4308 ΙΙ
279 4240 328 4288 829
348 4238 417 4288 Addi
