<?xml version="1.0" encoding="UTF-8"?>
<!DOCTYPE html PUBLIC "-//W3C//DTD XHTML 1.0 Transitional//EN"
    "http://www.w3.org/TR/xhtml1/DTD/xhtml1-transitional.dtd">
<html xmlns="http://www.w3.org/1999/xhtml" xml:lang="en" lang="en">
 <head>
  <title>
</title>
<meta http-equiv="Content-Type" content="text/html;charset=utf-8" />
  <meta name='ocr-system' content='tesseract 3.04.00' />
  <meta name='ocr-capabilities' content='ocr_page ocr_carea ocr_par ocr_line ocrx_word'/>
</head>
<body>
  <div class='ocr_page' id='page_1' title='image "./tlucreticarider15carugoog_0161.png"; bbox 0 0 2744 4658; ppageno 0'>
   <div class='ocr_carea' id='block_1_1' title="bbox 144 232 716 305">
    <p class='ocr_par' dir='ltr' id='par_1_1' title="bbox 144 232 716 305">
     <span class='ocr_line' id='line_1_1' title="bbox 144 232 716 305; baseline 0.002 -1"><span class='ocrx_word' id='word_1_1' title='bbox 144 241 204 305; x_wconf 82' lang='lat'>158</span> <span class='ocrx_word' id='word_1_2' title='bbox 688 232 716 295; x_wconf 91' lang='lat' dir='ltr'>V</span> 
     </span>
    </p>
   </div>
   <div class='ocr_carea' id='block_1_2' title="bbox 83 403 1257 3813">
    <p class='ocr_par' dir='ltr' id='par_1_2' title="bbox 83 403 1257 3813">
     <span class='ocr_line' id='line_1_2' title="bbox 140 403 1014 488; baseline -0.006 -18"><span class='ocrx_word' id='word_1_3' title='bbox 140 428 202 488; x_wconf 93' lang='lat' dir='ltr'>quo</span> <span class='ocrx_word' id='word_1_4' title='bbox 225 405 327 485; x_wconf 87' lang='lat' dir='ltr'>magis</span> <span class='ocrx_word' id='word_1_5' title='bbox 350 404 399 468; x_wconf 90' lang='lat' dir='ltr'>hio</span> <span class='ocrx_word' id='word_1_6' title='bbox 422 406 534 467; x_wconf 90' lang='lat' dir='ltr'>merito</span> <span class='ocrx_word' id='word_1_7' title='bbox 558 403 650 467; x_wconf 90' lang='lat' dir='ltr'>nobis</span> <span class='ocrx_word' id='word_1_8' title='bbox 674 404 753 467; x_wconf 88' lang='lat' dir='ltr'>deus</span> <span class='ocrx_word' id='word_1_9' title='bbox 776 423 847 468; x_wconf 88' lang='lat' dir='ltr'>esse</span> <span class='ocrx_word' id='word_1_10' title='bbox 869 403 1014 485; x_wconf 86' lang='lat' dir='ltr'>videtur,</span> 
     </span>
     <span class='ocr_line' id='line_1_3' title="bbox 84 517 979 602; baseline -0.008 -13"><span class='ocrx_word' id='word_1_11' title='bbox 84 542 116 589; x_wconf 80' lang='lat' dir='ltr'>ae</span> <span class='ocrx_word' id='word_1_12' title='bbox 140 541 180 586; x_wconf 83' lang='lat' dir='ltr'>ex</span> <span class='ocrx_word' id='word_1_13' title='bbox 203 541 265 602; x_wconf 91' lang='lat' dir='ltr'>quo</span> <span class='ocrx_word' id='word_1_14' title='bbox 289 539 373 584; x_wconf 87' lang='lat' dir='ltr'>nuno</span> <span class='ocrx_word' id='word_1_15' title='bbox 396 520 491 584; x_wconf 88' lang='lat' dir='ltr'>etiam</span> <span class='ocrx_word' id='word_1_16' title='bbox 516 538 572 601; x_wconf 91' lang='lat' dir='ltr'>per</span> <span class='ocrx_word' id='word_1_17' title='bbox 595 538 730 599; x_wconf 88' lang='lat' dir='ltr'>magnas</span> <span class='ocrx_word' id='word_1_18' title='bbox 753 517 853 582; x_wconf 87' lang='lat' dir='ltr'>didita</span> <span class='ocrx_word' id='word_1_19' title='bbox 875 519 979 601; x_wconf 88' lang='lat' dir='ltr'>gentis</span> 
     </span>
     <span class='ocr_line' id='line_1_4' title="bbox 142 632 885 717; baseline -0.005 -19"><span class='ocrx_word' id='word_1_20' title='bbox 142 635 248 700; x_wconf 89' lang='lat' dir='ltr'>dulcia</span> <span class='ocrx_word' id='word_1_21' title='bbox 271 635 467 717; x_wconf 84' lang='lat' dir='ltr'>permulcent</span> <span class='ocrx_word' id='word_1_22' title='bbox 489 634 612 697; x_wconf 89' lang='lat' dir='ltr'>animos</span> <span class='ocrx_word' id='word_1_23' title='bbox 636 633 757 697; x_wconf 89' lang='lat' dir='ltr'>solacia</span> <span class='ocrx_word' id='word_1_24' title='bbox 779 632 885 697; x_wconf 87' lang='lat' dir='ltr'>vitae.</span> 
     </span>
     <span class='ocr_line' id='line_1_5' title="bbox 140 747 921 830; baseline -0.006 -15"><span class='ocrx_word' id='word_1_25' title='bbox 140 751 285 816; x_wconf 89' lang='lat' dir='ltr'>Herculis</span> <span class='ocrx_word' id='word_1_26' title='bbox 307 750 461 813; x_wconf 89' lang='lat' dir='ltr'>antistare</span> <span class='ocrx_word' id='word_1_27' title='bbox 484 753 591 811; x_wconf 86' lang='lat' dir='ltr'>autem</span> <span class='ocrx_word' id='word_1_28' title='bbox 615 748 641 810; x_wconf 90' lang='lat' dir='ltr'>si</span> <span class='ocrx_word' id='word_1_29' title='bbox 664 747 750 812; x_wconf 87' lang='lat' dir='ltr'>facta</span> <span class='ocrx_word' id='word_1_30' title='bbox 773 747 921 830; x_wconf 86' lang='lat' dir='ltr'>putabis,</span> 
     </span>
     <span class='ocr_line' id='line_1_6' title="bbox 140 863 819 948; baseline -0.009 -17"><span class='ocrx_word' id='word_1_31' title='bbox 140 867 267 948; x_wconf 86' lang='lat' dir='ltr'>lougius</span> <span class='ocrx_word' id='word_1_32' title='bbox 290 888 309 929; x_wconf 89' lang='lat' dir='ltr'>a</span> <span class='ocrx_word' id='word_1_33' title='bbox 331 885 408 930; x_wconf 87' lang='lat' dir='ltr'>vera</span> <span class='ocrx_word' id='word_1_34' title='bbox 431 864 527 928; x_wconf 89' lang='lat' dir='ltr'>multo</span> <span class='ocrx_word' id='word_1_35' title='bbox 551 863 675 927; x_wconf 86' lang='lat' dir='ltr'>ratione</span> <span class='ocrx_word' id='word_1_36' title='bbox 698 863 819 927; x_wconf 85' lang='lat' dir='ltr'>ferere.</span> 
     </span>
     <span class='ocr_line' id='line_1_7' title="bbox 141 976 1033 1062; baseline -0.004 -18"><span class='ocrx_word' id='word_1_37' title='bbox 141 981 218 1062; x_wconf 90' lang='lat' dir='ltr'>quid</span> <span class='ocrx_word' id='word_1_38' title='bbox 239 982 419 1044; x_wconf 80' lang='lat' dir='ltr'>Nemeaeus</span> <span class='ocrx_word' id='word_1_39' title='bbox 442 979 526 1043; x_wconf 90' lang='lat' dir='ltr'>enim</span> <span class='ocrx_word' id='word_1_40' title='bbox 550 979 641 1042; x_wconf 88' lang='lat' dir='ltr'>nobis</span> <span class='ocrx_word' id='word_1_41' title='bbox 665 999 748 1043; x_wconf 90' lang='lat' dir='ltr'>nunc</span> <span class='ocrx_word' id='word_1_42' title='bbox 770 997 906 1059; x_wconf 88' lang='lat' dir='ltr'>magnus</span> <span class='ocrx_word' id='word_1_43' title='bbox 928 976 1033 1040; x_wconf 82' lang='lat' dir='ltr'><strong>hiatus</strong></span> 
     </span>
     <span class='ocr_line' id='line_1_8' title="bbox 83 1091 965 1162; baseline -0.01 0"><span class='ocrx_word' id='word_1_44' title='bbox 83 1117 115 1162; x_wconf 78' lang='lat' dir='ltr'>aa</span> <span class='ocrx_word' id='word_1_45' title='bbox 140 1095 195 1159; x_wconf 90' lang='lat' dir='ltr'>ille</span> <span class='ocrx_word' id='word_1_46' title='bbox 218 1095 320 1158; x_wconf 91' lang='lat' dir='ltr'>leonis</span> <span class='ocrx_word' id='word_1_47' title='bbox 343 1096 471 1159; x_wconf 86' lang='lat' dir='ltr'>obesset</span> <span class='ocrx_word' id='word_1_48' title='bbox 493 1100 524 1158; x_wconf 91' lang='lat' dir='ltr'>et</span> <span class='ocrx_word' id='word_1_49' title='bbox 546 1094 680 1158; x_wconf 86' lang='lat' dir='ltr'>horrens</span> <span class='ocrx_word' id='word_1_50' title='bbox 703 1092 859 1157; x_wconf 83' lang='lat' dir='ltr'>Arcadius</span> <span class='ocrx_word' id='word_1_51' title='bbox 883 1091 965 1156; x_wconf 77' lang='lat' dir='ltr'>sus?</span> 
     </span>
     <span class='ocr_line' id='line_1_9' title="bbox 139 1207 1003 1292; baseline -0.003 -19"><span class='ocrx_word' id='word_1_52' title='bbox 139 1210 277 1291; x_wconf 91' lang='lat' dir='ltr'>denique</span> <span class='ocrx_word' id='word_1_53' title='bbox 301 1210 377 1291; x_wconf 92' lang='lat' dir='ltr'>quid</span> <span class='ocrx_word' id='word_1_54' title='bbox 402 1210 518 1273; x_wconf 82' lang='lat' dir='ltr'>Cretae</span> <span class='ocrx_word' id='word_1_55' title='bbox 540 1214 651 1273; x_wconf 91' lang='lat' dir='ltr'>taurus</span> <span class='ocrx_word' id='word_1_56' title='bbox 672 1211 882 1290; x_wconf 85' lang='lat' dir='ltr'>Lernaeaque</span> <span class='ocrx_word' id='word_1_57' title='bbox 905 1207 1003 1292; x_wconf 88' lang='lat' dir='ltr'>pestis</span> 
     </span>
     <span class='ocr_line' id='line_1_10' title="bbox 140 1323 894 1411; baseline -0.001 -23"><span class='ocrx_word' id='word_1_58' title='bbox 140 1326 243 1411; x_wconf 80' lang='lat' dir='ltr'>hydra</span> <span class='ocrx_word' id='word_1_59' title='bbox 265 1325 429 1390; x_wconf 84' lang='lat' dir='ltr'>venenatis</span> <span class='ocrx_word' id='word_1_60' title='bbox 452 1329 561 1408; x_wconf 87' lang='lat' dir='ltr'>posset</span> <span class='ocrx_word' id='word_1_61' title='bbox 583 1324 704 1388; x_wconf 87' lang='lat' dir='ltr'>vallata</span> <span class='ocrx_word' id='word_1_62' title='bbox 727 1323 894 1387; x_wconf 83' lang='lat' dir='ltr'>colubris?</span> 
     </span>
     <span class='ocr_line' id='line_1_11' title="bbox 142 1439 1015 1531; baseline -0.001 -27"><span class='ocrx_word' id='word_1_63' title='bbox 142 1440 257 1521; x_wconf 86' lang='lat' dir='ltr'>quidve</span> <span class='ocrx_word' id='word_1_64' title='bbox 280 1441 449 1522; x_wconf 80' lang='lat' dir='ltr'>tripectora</span> <span class='ocrx_word' id='word_1_65' title='bbox 471 1446 518 1502; x_wconf 90' lang='lat' dir='ltr'>ter</span> <span class='ocrx_word' id='word_1_66' title='bbox 541 1439 659 1519; x_wconf 85' lang='lat' dir='ltr'>gemini</span> <span class='ocrx_word' id='word_1_67' title='bbox 682 1440 729 1502; x_wconf 92' lang='lat' dir='ltr'>vis</span> <span class='ocrx_word' id='word_1_68' title='bbox 754 1439 918 1522; x_wconf 81' lang='lat' dir='ltr'>Geryonai</span> <span class='ocrx_word' id='word_1_69' title='bbox 1009 1522 1015 1531; x_wconf 90' lang='lat'><strong>.</strong></span> 
     </span>
     <span class='ocr_line' id='line_1_12' title="bbox 140 1554 942 1637; baseline -0.004 -18"><span class='ocrx_word' id='word_1_70' title='bbox 140 1560 172 1619; x_wconf 94' lang='lat' dir='ltr'>et</span> <span class='ocrx_word' id='word_1_71' title='bbox 194 1555 359 1618; x_wconf 91' lang='lat' dir='ltr'>Diomedis</span> <span class='ocrx_word' id='word_1_72' title='bbox 382 1554 455 1634; x_wconf 89' lang='lat' dir='ltr'>equi</span> <span class='ocrx_word' id='word_1_73' title='bbox 478 1554 634 1637; x_wconf 83' lang='lat' dir='ltr'>spirantes</span> <span class='ocrx_word' id='word_1_74' title='bbox 657 1554 789 1618; x_wconf 88' lang='lat' dir='ltr'>naribus</span> <span class='ocrx_word' id='word_1_75' title='bbox 812 1554 942 1634; x_wconf 87' lang='lat' dir='ltr'>ignem,</span> 
     </span>
     <span class='ocr_line' id='line_1_13' title="bbox 84 1668 1257 1752; baseline -0.002 -16"><span class='ocrx_word' id='word_1_76' title='bbox 84 1691 114 1736; x_wconf 88' lang='lat'>31</span> <span class='ocrx_word' id='word_1_77' title='bbox 139 1669 303 1734; x_wconf 64' lang='lat' dir='ltr'>Thracam</span> <span class='ocrx_word' id='word_1_78' title='bbox 326 1669 548 1749; x_wconf 80' lang='lat' dir='ltr'>Bistoniasque</span> <span class='ocrx_word' id='word_1_79' title='bbox 570 1668 685 1750; x_wconf 81' lang='lat' dir='ltr'>plagas</span> <span class='ocrx_word' id='word_1_80' title='bbox 708 1672 802 1748; x_wconf 80' lang='lat' dir='ltr'>atque</span> <span class='ocrx_word' id='word_1_81' title='bbox 825 1668 947 1732; x_wconf 88' lang='lat' dir='ltr'>lsmara</span> <span class='ocrx_word' id='word_1_82' title='bbox 970 1673 1119 1752; x_wconf 91' lang='lat' dir='ltr'>propter,</span> <span class='ocrx_word' id='word_1_83' title='bbox 1134 1686 1152 1715; x_wconf 58' lang='lat'>&gt;³</span> <span class='ocrx_word' id='word_1_84' title='bbox 1167 1684 1204 1733; x_wconf 54' lang='lat' dir='ltr'>a·</span> <span class='ocrx_word' id='word_1_85' title='bbox 1226 1681 1257 1734; x_wconf 55' lang='lat' dir='ltr'>a.</span> 
     </span>
     <span class='ocr_line' id='line_1_14' title="bbox 84 1760 1213 1867; baseline -0.005 -16"><span class='ocrx_word' id='word_1_86' title='bbox 84 1806 116 1851; x_wconf 86' lang='lat'>30</span> <span class='ocrx_word' id='word_1_87' title='bbox 141 1791 229 1848; x_wconf 89' lang='lat' dir='ltr'>tanto</span> <span class='ocrx_word' id='word_1_88' title='bbox 253 1804 350 1867; x_wconf 90' lang='lat' dir='ltr'>opere</span> <span class='ocrx_word' id='word_1_89' title='bbox 374 1760 606 1858; x_wconf 77' lang='lat' dir='ltr'>offiee1·eirt,et</span> <span class='ocrx_word' id='word_1_90' title='bbox 628 1803 705 1847; x_wconf 86' lang='lat' dir='ltr'>aves</span> <span class='ocrx_word' id='word_1_91' title='bbox 728 1782 919 1866; x_wconf 86' lang='lat' dir='ltr'>Stymphala</span> <span class='ocrx_word' id='word_1_92' title='bbox 942 1782 1112 1848; x_wconf 79' lang='lat' dir='ltr'>colentes?</span> <span class='ocrx_word' id='word_1_93' title='bbox 1160 1820 1213 1833; x_wconf 45' lang='lat' dir='ltr'>-a</span> 
     </span>
     <span class='ocr_line' id='line_1_15' title="bbox 85 1898 1003 1982; baseline -0.005 -15"><span class='ocrx_word' id='word_1_94' title='bbox 85 1921 116 1967; x_wconf 80' lang='lat'>32</span> <span class='ocrx_word' id='word_1_95' title='bbox 142 1919 302 1981; x_wconf 86' lang='lat' dir='ltr'>aureaque</span> <span class='ocrx_word' id='word_1_96' title='bbox 325 1899 538 1982; x_wconf 88' lang='lat' dir='ltr'>Hesperidum</span> <span class='ocrx_word' id='word_1_97' title='bbox 562 1917 695 1962; x_wconf 88' lang='lat' dir='ltr'>servans</span> <span class='ocrx_word' id='word_1_98' title='bbox 718 1898 873 1982; x_wconf 86' lang='lat' dir='ltr'>fulgentia</span> <span class='ocrx_word' id='word_1_99' title='bbox 896 1899 1003 1982; x_wconf 86' lang='lat' dir='ltr'>mala,</span> 
     </span>
     <span class='ocr_line' id='line_1_16' title="bbox 143 2014 989 2097; baseline 0.001 -20"><span class='ocrx_word' id='word_1_100' title='bbox 143 2034 256 2097; x_wconf 81' lang='lat' dir='ltr'>asper,</span> <span class='ocrx_word' id='word_1_101' title='bbox 274 2015 392 2078; x_wconf 89' lang='lat' dir='ltr'>acerba</span> <span class='ocrx_word' id='word_1_102' title='bbox 415 2022 527 2095; x_wconf 89' lang='lat' dir='ltr'>tuens,</span> <span class='ocrx_word' id='word_1_103' title='bbox 545 2014 677 2076; x_wconf 90' lang='lat' dir='ltr'>immani</span> <span class='ocrx_word' id='word_1_104' title='bbox 699 2033 834 2096; x_wconf 87' lang='lat' dir='ltr'>corpore</span> <span class='ocrx_word' id='word_1_105' title='bbox 857 2033 989 2096; x_wconf 86' lang='lat' dir='ltr'>serpens</span> 
     </span>
     <span class='ocr_line' id='line_1_17' title="bbox 142 2127 1025 2219; baseline 0.002 -28"><span class='ocrx_word' id='word_1_106' title='bbox 142 2129 267 2191; x_wconf 86' lang='lat' dir='ltr'>arboris</span> <span class='ocrx_word' id='word_1_107' title='bbox 290 2129 456 2211; x_wconf 86' lang='lat' dir='ltr'>amplexus</span> <span class='ocrx_word' id='word_1_108' title='bbox 479 2128 619 2219; x_wconf 65' lang='lat' dir='ltr'>stirpem</span> <span class='ocrx_word' id='word_1_109' title='bbox 635 2127 711 2207; x_wconf 92' lang='lat' dir='ltr'>quid</span> <span class='ocrx_word' id='word_1_110' title='bbox 734 2127 871 2207; x_wconf 89' lang='lat' dir='ltr'>denique</span> <span class='ocrx_word' id='word_1_111' title='bbox 896 2129 1025 2193; x_wconf 91' lang='lat' dir='ltr'>obesset</span> 
     </span>
     <span class='ocr_line' id='line_1_18' title="bbox 84 2236 1123 2326; baseline -0.004 -17"><span class='ocrx_word' id='word_1_112' title='bbox 84 2262 116 2309; x_wconf 82' lang='lat'>35</span> <span class='ocrx_word' id='word_1_113' title='bbox 141 2248 271 2326; x_wconf 88' lang='lat' dir='ltr'>propter</span> <span class='ocrx_word' id='word_1_114' title='bbox 293 2243 477 2305; x_wconf 86' lang='lat' dir='ltr'>Atlanteum</span> <span class='ocrx_word' id='word_1_115' title='bbox 500 2242 574 2304; x_wconf 92' lang='lat' dir='ltr'>litus</span> <span class='ocrx_word' id='word_1_116' title='bbox 596 2241 778 2325; x_wconf 82' lang='lat' dir='ltr'>pelagoque</span> <span class='ocrx_word' id='word_1_117' title='bbox 801 2262 939 2326; x_wconf 82' lang='lat' dir='ltr'>sonora,</span> <span class='ocrx_word' id='word_1_118' title='bbox 1054 2272 1057 2279; x_wconf 96' lang='lat'>·</span> <span class='ocrx_word' id='word_1_119' title='bbox 1081 2236 1123 2290; x_wconf 48' lang='lat'>³0--</span> 
     </span>
     <span class='ocr_line' id='line_1_19' title="bbox 142 2357 1156 2438; baseline 0.001 -19"><span class='ocrx_word' id='word_1_120' title='bbox 142 2378 205 2438; x_wconf 92' lang='lat' dir='ltr'>quo</span> <span class='ocrx_word' id='word_1_121' title='bbox 229 2375 332 2436; x_wconf 88' lang='lat' dir='ltr'>neque</span> <span class='ocrx_word' id='word_1_122' title='bbox 355 2363 462 2420; x_wconf 93' lang='lat' dir='ltr'>noster</span> <span class='ocrx_word' id='word_1_123' title='bbox 485 2357 553 2420; x_wconf 91' lang='lat' dir='ltr'>adit</span> <span class='ocrx_word' id='word_1_124' title='bbox 576 2357 744 2437; x_wconf 84' lang='lat' dir='ltr'>quisquam</span> <span class='ocrx_word' id='word_1_125' title='bbox 768 2375 827 2421; x_wconf 87' lang='lat' dir='ltr'>nee</span> <span class='ocrx_word' id='word_1_126' title='bbox 850 2358 1006 2422; x_wconf 87' lang='lat' dir='ltr'>barbarus</span> <span class='ocrx_word' id='word_1_127' title='bbox 1029 2357 1156 2422; x_wconf 80' lang='lat' dir='ltr'>audet?</span> 
     </span>
     <span class='ocr_line' id='line_1_20' title="bbox 143 2470 1120 2556; baseline 0.002 -21"><span class='ocrx_word' id='word_1_128' title='bbox 143 2476 249 2535; x_wconf 87' lang='lat' dir='ltr'>cetera</span> <span class='ocrx_word' id='word_1_129' title='bbox 272 2470 312 2533; x_wconf 92' lang='lat' dir='ltr'>de</span> <span class='ocrx_word' id='word_1_130' title='bbox 334 2491 451 2553; x_wconf 90' lang='lat' dir='ltr'>genere</span> <span class='ocrx_word' id='word_1_131' title='bbox 476 2471 536 2536; x_wconf 91' lang='lat' dir='ltr'>hoc</span> <span class='ocrx_word' id='word_1_132' title='bbox 559 2492 643 2553; x_wconf 89' lang='lat' dir='ltr'>quae</span> <span class='ocrx_word' id='word_1_133' title='bbox 666 2477 739 2536; x_wconf 89' lang='lat' dir='ltr'>sunt</span> <span class='ocrx_word' id='word_1_134' title='bbox 761 2477 910 2555; x_wconf 87' lang='lat' dir='ltr'>portenta</span> <span class='ocrx_word' id='word_1_135' title='bbox 932 2478 1120 2556; x_wconf 83' lang='lat' dir='ltr'>perempta,</span> 
     </span>
     <span class='ocr_line' id='line_1_21' title="bbox 144 2585 1072 2670; baseline -0.001 -20"><span class='ocrx_word' id='word_1_136' title='bbox 144 2587 190 2650; x_wconf 87' lang='lat' dir='ltr'>sei</span> <span class='ocrx_word' id='word_1_137' title='bbox 212 2605 277 2648; x_wconf 90' lang='lat' dir='ltr'>non</span> <span class='ocrx_word' id='word_1_138' title='bbox 299 2585 383 2649; x_wconf 88' lang='lat' dir='ltr'>vieta</span> <span class='ocrx_word' id='word_1_139' title='bbox 405 2586 526 2670; x_wconf 84' lang='lat' dir='ltr'>forent,</span> <span class='ocrx_word' id='word_1_140' title='bbox 544 2588 620 2669; x_wconf 89' lang='lat' dir='ltr'>quid</span> <span class='ocrx_word' id='word_1_141' title='bbox 644 2585 772 2651; x_wconf 88' lang='lat' dir='ltr'>tandem</span> <span class='ocrx_word' id='word_1_142' title='bbox 796 2586 869 2651; x_wconf 82' lang='lat' dir='ltr'>viva</span> <span class='ocrx_word' id='word_1_143' title='bbox 891 2586 1072 2651; x_wconf 80' lang='lat' dir='ltr'>nocerent?</span> 
     </span>
     <span class='ocr_line' id='line_1_22' title="bbox 143 2699 979 2783; baseline 0.006 -21"><span class='ocrx_word' id='word_1_144' title='bbox 143 2699 207 2772; x_wconf 85' lang='lat' dir='ltr'>nil,</span> <span class='ocrx_word' id='word_1_145' title='bbox 224 2704 258 2763; x_wconf 91' lang='lat' dir='ltr'>ut</span> <span class='ocrx_word' id='word_1_146' title='bbox 281 2700 415 2783; x_wconf 91' lang='lat' dir='ltr'>opinor:</span> <span class='ocrx_word' id='word_1_147' title='bbox 431 2701 475 2764; x_wconf 89' lang='lat' dir='ltr'>ita</span> <span class='ocrx_word' id='word_1_148' title='bbox 498 2701 541 2765; x_wconf 92' lang='lat' dir='ltr'>ad</span> <span class='ocrx_word' id='word_1_149' title='bbox 565 2702 712 2766; x_wconf 87' lang='lat' dir='ltr'>satiatem</span> <span class='ocrx_word' id='word_1_150' title='bbox 735 2707 819 2765; x_wconf 89' lang='lat' dir='ltr'>terra</span> <span class='ocrx_word' id='word_1_151' title='bbox 841 2701 979 2767; x_wconf 83' lang='lat' dir='ltr'>serarum</span> 
     </span>
     <span class='ocr_line' id='line_1_23' title="bbox 84 2815 1016 2900; baseline -0.002 -18"><span class='ocrx_word' id='word_1_152' title='bbox 84 2836 117 2882; x_wconf 82' lang='lat'>40</span> <span class='ocrx_word' id='word_1_153' title='bbox 142 2815 342 2879; x_wconf 89' lang='lat' dir='ltr'>nuncetiam</span> <span class='ocrx_word' id='word_1_154' title='bbox 366 2816 457 2879; x_wconf 87' lang='lat' dir='ltr'>scatit</span> <span class='ocrx_word' id='word_1_155' title='bbox 479 2823 510 2880; x_wconf 88' lang='lat' dir='ltr'>et</span> <span class='ocrx_word' id='word_1_156' title='bbox 532 2815 656 2900; x_wconf 87' lang='lat' dir='ltr'>trepido</span> <span class='ocrx_word' id='word_1_157' title='bbox 680 2821 799 2878; x_wconf 89' lang='lat' dir='ltr'>terrore</span> <span class='ocrx_word' id='word_1_158' title='bbox 823 2816 945 2899; x_wconf 86' lang='lat' dir='ltr'>repleta</span> <span class='ocrx_word' id='word_1_159' title='bbox 968 2822 1016 2880; x_wconf 91' lang='lat' dir='ltr'>est</span> 
     </span>
     <span class='ocr_line' id='line_1_24' title="bbox 142 2929 1127 3015; baseline 0 -20"><span class='ocrx_word' id='word_1_160' title='bbox 142 2951 200 3015; x_wconf 93' lang='lat' dir='ltr'>per</span> <span class='ocrx_word' id='word_1_161' title='bbox 222 2950 355 2993; x_wconf 91' lang='lat' dir='ltr'>nemora</span> <span class='ocrx_word' id='word_1_162' title='bbox 377 2949 417 2993; x_wconf 89' lang='lat' dir='ltr'>ae</span> <span class='ocrx_word' id='word_1_163' title='bbox 440 2936 564 2994; x_wconf 88' lang='lat' dir='ltr'>montes</span> <span class='ocrx_word' id='word_1_164' title='bbox 587 2948 724 3008; x_wconf 89' lang='lat' dir='ltr'>magnos</span> <span class='ocrx_word' id='word_1_165' title='bbox 748 2929 908 3010; x_wconf 87' lang='lat' dir='ltr'>silvasque</span> <span class='ocrx_word' id='word_1_166' title='bbox 930 2929 1127 3014; x_wconf 78' lang='lat' dir='ltr'>profundas3</span> 
     </span>
     <span class='ocr_line' id='line_1_25' title="bbox 144 3043 1058 3128; baseline 0.001 -20"><span class='ocrx_word' id='word_1_167' title='bbox 144 3064 225 3126; x_wconf 87' lang='lat' dir='ltr'>quae</span> <span class='ocrx_word' id='word_1_168' title='bbox 248 3045 320 3107; x_wconf 87' lang='lat' dir='ltr'>loca</span> <span class='ocrx_word' id='word_1_169' title='bbox 343 3043 463 3106; x_wconf 85' lang='lat' dir='ltr'>vitandi</span> <span class='ocrx_word' id='word_1_170' title='bbox 486 3044 671 3127; x_wconf 88' lang='lat' dir='ltr'>plerumque</span> <span class='ocrx_word' id='word_1_171' title='bbox 694 3050 741 3107; x_wconf 90' lang='lat' dir='ltr'>est</span> <span class='ocrx_word' id='word_1_172' title='bbox 763 3050 873 3108; x_wconf 88' lang='lat' dir='ltr'>nostra</span> <span class='ocrx_word' id='word_1_173' title='bbox 895 3051 1058 3128; x_wconf 85' lang='lat' dir='ltr'>potestas.</span> 
     </span>
     <span class='ocr_line' id='line_1_26' title="bbox 142 3159 999 3242; baseline -0.001 -18"><span class='ocrx_word' id='word_1_174' title='bbox 142 3166 176 3224; x_wconf 88' lang='lat' dir='ltr'>at</span> <span class='ocrx_word' id='word_1_175' title='bbox 198 3159 260 3222; x_wconf 93' lang='lat' dir='ltr'>nisi</span> <span class='ocrx_word' id='word_1_176' title='bbox 283 3164 483 3241; x_wconf 87' lang='lat' dir='ltr'>purgatumst</span> <span class='ocrx_word' id='word_1_177' title='bbox 505 3164 635 3242; x_wconf 86' lang='lat' dir='ltr'>peetus,</span> <span class='ocrx_word' id='word_1_178' title='bbox 654 3178 736 3240; x_wconf 91' lang='lat' dir='ltr'>quae</span> <span class='ocrx_word' id='word_1_179' title='bbox 758 3159 884 3242; x_wconf 87' lang='lat' dir='ltr'>proelia</span> <span class='ocrx_word' id='word_1_180' title='bbox 906 3160 999 3224; x_wconf 90' lang='lat' dir='ltr'>nobis</span> 
     </span>
     <span class='ocr_line' id='line_1_27' title="bbox 142 3273 948 3356; baseline 0 -20"><span class='ocrx_word' id='word_1_181' title='bbox 142 3281 238 3353; x_wconf 90' lang='lat' dir='ltr'>atque</span> <span class='ocrx_word' id='word_1_182' title='bbox 260 3273 402 3356; x_wconf 88' lang='lat' dir='ltr'>pericula</span> <span class='ocrx_word' id='word_1_183' title='bbox 425 3279 522 3343; x_wconf 83' lang='lat' dir='ltr'>tumst</span> <span class='ocrx_word' id='word_1_184' title='bbox 543 3273 679 3353; x_wconf 84' lang='lat' dir='ltr'>ingratis</span> <span class='ocrx_word' id='word_1_185' title='bbox 702 3273 948 3337; x_wconf 86' lang='lat' dir='ltr'>insinuandum!</span> 
     </span>
     <span class='ocr_line' id='line_1_28' title="bbox 85 3386 1051 3472; baseline 0 -20"><span class='ocrx_word' id='word_1_186' title='bbox 85 3406 118 3452; x_wconf 78' lang='lat'>45</span> <span class='ocrx_word' id='word_1_187' title='bbox 145 3394 285 3467; x_wconf 90' lang='lat' dir='ltr'>quantae</span> <span class='ocrx_word' id='word_1_188' title='bbox 307 3394 373 3451; x_wconf 91' lang='lat' dir='ltr'>turn</span> <span class='ocrx_word' id='word_1_189' title='bbox 397 3388 545 3452; x_wconf 89' lang='lat' dir='ltr'>scindunt</span> <span class='ocrx_word' id='word_1_190' title='bbox 566 3386 726 3451; x_wconf 91' lang='lat' dir='ltr'>hominem</span> <span class='ocrx_word' id='word_1_191' title='bbox 751 3386 939 3472; x_wconf 86' lang='lat' dir='ltr'>cuppedinis</span> <span class='ocrx_word' id='word_1_192' title='bbox 961 3407 1051 3453; x_wconf 88' lang='lat' dir='ltr'>aeres</span> 
     </span>
     <span class='ocr_line' id='line_1_29' title="bbox 142 3500 977 3586; baseline -0.001 -21"><span class='ocrx_word' id='word_1_193' title='bbox 142 3500 312 3565; x_wconf 90' lang='lat' dir='ltr'>sollicitum</span> <span class='ocrx_word' id='word_1_194' title='bbox 336 3522 453 3580; x_wconf 85' lang='lat' dir='ltr'>curae,</span> <span class='ocrx_word' id='word_1_195' title='bbox 471 3503 647 3583; x_wconf 88' lang='lat' dir='ltr'>quantique</span> <span class='ocrx_word' id='word_1_196' title='bbox 671 3504 804 3586; x_wconf 90' lang='lat' dir='ltr'>perinde</span> <span class='ocrx_word' id='word_1_197' title='bbox 827 3501 977 3567; x_wconf 90' lang='lat' dir='ltr'>timores!</span> 
     </span>
     <span class='ocr_line' id='line_1_30' title="bbox 143 3616 1054 3700; baseline 0.002 -21"><span class='ocrx_word' id='word_1_198' title='bbox 143 3616 259 3696; x_wconf 89' lang='lat' dir='ltr'>quidve</span> <span class='ocrx_word' id='word_1_199' title='bbox 283 3617 432 3700; x_wconf 91' lang='lat' dir='ltr'>superbia</span> <span class='ocrx_word' id='word_1_200' title='bbox 455 3616 609 3700; x_wconf 88' lang='lat' dir='ltr'>spurcitia</span> <span class='ocrx_word' id='word_1_201' title='bbox 632 3636 671 3680; x_wconf 89' lang='lat' dir='ltr'>ae</span> <span class='ocrx_word' id='word_1_202' title='bbox 693 3617 898 3700; x_wconf 74' lang='lat' dir='ltr'>petulantia?</span> <span class='ocrx_word' id='word_1_203' title='bbox 915 3625 1054 3698; x_wconf 89' lang='lat' dir='ltr'>quantas</span> 
     </span>
     <span class='ocr_line' id='line_1_31' title="bbox 144 3729 904 3813; baseline 0.001 -18"><span class='ocrx_word' id='word_1_204' title='bbox 144 3729 285 3795; x_wconf 87' lang='lat' dir='ltr'>efficiunt</span> <span class='ocrx_word' id='word_1_205' title='bbox 307 3731 435 3795; x_wconf 86' lang='lat' dir='ltr'>clades!</span> <span class='ocrx_word' id='word_1_206' title='bbox 453 3730 528 3813; x_wconf 91' lang='lat' dir='ltr'>quid</span> <span class='ocrx_word' id='word_1_207' title='bbox 550 3732 645 3794; x_wconf 83' lang='lat' dir='ltr'>luxus</span> <span class='ocrx_word' id='word_1_208' title='bbox 668 3730 904 3812; x_wconf 80' lang='lat' dir='ltr'>desidiaeque?</span> 
     </span>
    </p>
   </div>
   <div class='ocr_carea' id='block_1_3' title="bbox 140 3841 992 3930">
    <p class='ocr_par' dir='ltr' id='par_1_3' title="bbox 140 3841 992 3930">
     <span class='ocr_line' id='line_1_32' title="bbox 140 3841 992 3930; baseline 0.004 -21"><span class='ocrx_word' id='word_1_209' title='bbox 140 3845 220 3911; x_wconf 86' lang='lat' dir='ltr'>haee</span> <span class='ocrx_word' id='word_1_210' title='bbox 241 3845 336 3930; x_wconf 90' lang='lat' dir='ltr'>igitur</span> <span class='ocrx_word' id='word_1_211' title='bbox 359 3846 413 3927; x_wconf 90' lang='lat' dir='ltr'>qui</span> <span class='ocrx_word' id='word_1_212' title='bbox 435 3841 550 3912; x_wconf 69' lang='lat' dir='ltr'>cunita</span> <span class='ocrx_word' id='word_1_213' title='bbox 572 3846 737 3927; x_wconf 88' lang='lat' dir='ltr'>subegerit</span> <span class='ocrx_word' id='word_1_214' title='bbox 759 3866 799 3911; x_wconf 87' lang='lat' dir='ltr'>ex</span> <span class='ocrx_word' id='word_1_215' title='bbox 822 3848 992 3929; x_wconf 90' lang='lat' dir='ltr'>animoque</span> 
     </span>
    </p>
   </div>
   <div class='ocr_carea' id='block_1_4' title="bbox 147 4114 1266 4278">
    <p class='ocr_par' dir='ltr' id='par_1_4' title="bbox 147 4085 1266 4278">
     <span class='ocr_line' id='line_1_33' title="bbox 148 4114 1266 4188; baseline 0.003 -23"><span class='ocrx_word' id='word_1_216' title='bbox 148 4120 178 4165; x_wconf 89' lang='lat'>31</span> <span class='ocrx_word' id='word_1_217' title='bbox 194 4117 306 4169; x_wconf 86' lang='lat' dir='ltr'>Thracia</span> <span class='ocrx_word' id='word_1_218' title='bbox 326 4118 339 4186; x_wconf 77' lang='grc' dir='ltr'>ΙΙ</span> <span class='ocrx_word' id='word_1_219' title='bbox 361 4122 393 4169; x_wconf 87' lang='grc'>30</span> <span class='ocrx_word' id='word_1_220' title='bbox 407 4118 480 4168; x_wconf 85' lang='lat' dir='ltr'>nobis</span> <span class='ocrx_word' id='word_1_221' title='bbox 493 4117 623 4182; x_wconf 73' lang='lat' dir='ltr'>tymphala</span> <span class='ocrx_word' id='word_1_222' title='bbox 637 4117 650 4185; x_wconf 72' lang='lat' dir='ltr'>ll</span> <span class='ocrx_word' id='word_1_223' title='bbox 666 4121 698 4168; x_wconf 89' lang='lat'>33</span> <span class='ocrx_word' id='word_1_224' title='bbox 712 4120 820 4169; x_wconf 81' lang='lat' dir='ltr'>acerbam</span> <span class='ocrx_word' id='word_1_225' title='bbox 840 4116 854 4186; x_wconf 74' lang='grc' dir='ltr'>Η</span> <span class='ocrx_word' id='word_1_226' title='bbox 875 4122 908 4167; x_wconf 82' lang='grc'>34</span> <span class='ocrx_word' id='word_1_227' title='bbox 921 4118 1010 4181; x_wconf 84' lang='lat' dir='ltr'>stirpes</span> <span class='ocrx_word' id='word_1_228' title='bbox 1029 4114 1043 4186; x_wconf 81' lang='grc' dir='ltr'>Η</span> <span class='ocrx_word' id='word_1_229' title='bbox 1065 4119 1097 4167; x_wconf 80' lang='grc'>35</span> <span class='ocrx_word' id='word_1_230' title='bbox 1112 4120 1241 4169; x_wconf 88' lang='lat' dir='ltr'>atianeum</span> <span class='ocrx_word' id='word_1_231' title='bbox 1254 4120 1266 4188; x_wconf 71' lang='grc' dir='ltr'>Η</span> 
     </span>
     <span class='ocr_line' id='line_1_34' title="bbox 147 4202 1117 4278; baseline 0.001 -24"><span class='ocrx_word' id='word_1_232' title='bbox 147 4207 282 4271; x_wconf 84' lang='lat' dir='ltr'>pelagique</span> <span class='ocrx_word' id='word_1_233' title='bbox 300 4223 401 4257; x_wconf 77' lang='lat' dir='ltr'>severa.</span> <span class='ocrx_word' id='word_1_234' title='bbox 423 4202 437 4272; x_wconf 77' lang='grc' dir='ltr'>Η</span> <span class='ocrx_word' id='word_1_235' title='bbox 458 4206 490 4253; x_wconf 87' lang='grc'>38</span> <span class='ocrx_word' id='word_1_236' title='bbox 506 4205 555 4255; x_wconf 89' lang='lat' dir='ltr'>Sed</span> <span class='ocrx_word' id='word_1_237' title='bbox 576 4205 588 4272; x_wconf 80' lang='grc' dir='ltr'>Η</span> <span class='ocrx_word' id='word_1_238' title='bbox 608 4207 694 4255; x_wconf 78' lang='lat' dir='ltr'>vincta</span> <span class='ocrx_word' id='word_1_239' title='bbox 713 4203 727 4278; x_wconf 70' lang='grc' dir='ltr'>Η</span> <span class='ocrx_word' id='word_1_240' title='bbox 747 4210 781 4255; x_wconf 83' lang='grc'>44</span> <span class='ocrx_word' id='word_1_241' title='bbox 799 4216 857 4256; x_wconf 88' lang='lat' dir='ltr'>sunt</span> <span class='ocrx_word' id='word_1_242' title='bbox 877 4202 890 4274; x_wconf 75' lang='grc' dir='ltr'>ΙΙ</span> <span class='ocrx_word' id='word_1_243' title='bbox 910 4209 944 4256; x_wconf 78' lang='lat'>45</span> <span class='ocrx_word' id='word_1_244' title='bbox 964 4206 1117 4269; x_wconf 85' lang='lat' dir='ltr'>cuppedines</span> 
     </span>
    </p>
   </div>
   <div class='ocr_carea' id='block_1_5' title="bbox 0 0 1378 4658">
    <p class='ocr_par' dir='ltr' id='par_1_5' title="bbox 0 0 1378 4658">
     <span class='ocr_line' id='line_1_35' title="bbox 0 0 1378 4658; baseline 0 0"><span class='ocrx_word' id='word_1_245' title='bbox 0 0 1378 4658; x_wconf 95' lang='lat' dir='ltr'> </span> 
     </span>
    </p>
   </div>
  </div>
 </body>
</html>
