2744 4658
146 231 206 293 184
693 224 720 287 V

143 394 284 468 destitit,
300 400 334 457 ut
356 393 467 456 mulier
490 394 592 476 spatio
616 393 746 457 defessa
769 401 914 458 vetusto.

144 512 245 571 mutat
268 507 353 571 enim
375 507 484 571 mundi
508 515 655 572 naturam
677 508 774 572 totius
796 515 908 590 aetas,

146 641 185 686 ex
209 622 337 702 alioque
360 621 442 686 alius
465 630 566 687 status
589 624 737 705 excipere
760 622 868 685 onmia
892 623 1009 698 debet,

71 757 121 803 sao
146 754 205 799 neo
227 741 337 799 manet
359 734 427 800 ulla
450 737 498 800 sui
522 737 635 801 similis
658 756 729 801 res:
747 737 854 799 omnia
876 736 1033 820 migrant,

147 849 254 914 omnia
277 856 448 914 commutat
474 861 589 917 natura
612 860 642 918 et
664 857 787 917 vertere
811 851 915 934 cogit.

146 983 286 1045 namque
309 964 388 1028 aliut
410 969 564 1049 putrescit
586 975 618 1032 et
639 987 721 1033 aevo
746 965 851 1030 debile
874 965 1027 1047 languet,

147 1098 241 1161 porro
264 1078 343 1141 aliut
366 1081 513 1146 clarescit
536 1090 566 1147 et
590 1104 606 1146 e
631 1081 863 1163 contemptibus
886 1080 971 1144 exit.

148 1192 193 1256 sic
216 1191 312 1274 igitur
334 1198 443 1260 mundi
467 1202 612 1261 naturam
635 1195 732 1261 totius
756 1200 846 1258 aetas

72 1327 122 1373 aas
149 1313 269 1390 mutat,
287 1316 318 1371 et
341 1330 380 1371 ex
404 1311 468 1375 alio
491 1319 608 1374 terram
632 1314 734 1374 status
758 1308 874 1391 excipit
897 1308 998 1391 alter,

149 1421 233 1503 quod
256 1428 332 1506 pote
356 1424 399 1487 uti
423 1433 581 1506 nequeat,
598 1424 700 1509 possit
722 1422 808 1503 quod
831 1443 894 1485 non
918 1422 989 1485 tulit
1012 1427 1107 1486 ante.

188 1537 350 1618 Multaque
372 1544 439 1602 tum
462 1541 557 1603 tellus
580 1539 675 1604 etiarn
699 1543 846 1619 portenta
870 1557 979 1602 creare

151 1657 295 1716 conatast
317 1654 399 1718 mira
422 1653 506 1719 facie
529 1653 741 1734 membrisque
765 1657 895 1734 coorta,

151 1765 392 1851 androgynum,
410 1770 627 1850 interutraque
650 1787 710 1830 nec
732 1772 856 1850 utrum,
873 1768 1031 1847 utrimque
1052 1774 1232 1843 remotum,

72 1903 123 1948 ero
148 1882 228 1945 orba
250 1881 369 1966 pedum
392 1886 530 1968 partim,
547 1905 697 1948 manuum
720 1881 853 1946 viduata
876 1881 1036 1965 vicissim,

149 2003 237 2060 muta
261 1997 329 2062 sine
352 2018 407 2061 ore
431 2001 548 2074 etiam,
565 1999 634 2065 sine
659 1999 745 2062 voitu
768 2016 865 2061 caeca
887 2001 1035 2080 reperta,

149 2112 318 2194 vinctaque
341 2115 553 2178 membrorum
576 2133 634 2198 per
656 2119 759 2177 totum
783 2132 898 2195 corpus
922 2111 1091 2194 adhaesa,

150 2247 210 2292 nec
233 2225 341 2291 facere
364 2234 397 2291 ut
419 2234 550 2311 possent
575 2228 744 2309 quicquam
770 2247 828 2290 nec
851 2225 965 2291 cedere
989 2246 1151 2307 quoquam

151 2362 209 2406 nec
232 2342 333 2405 vitare
358 2343 474 2405 maium
497 2362 557 2407 nec
581 2360 705 2406 sumere
729 2341 815 2422 quod
839 2341 923 2408 foret
945 2361 1042 2406 usus.

76 2479 126 2525 845
152 2463 259 2520 cetera
283 2456 322 2519 de
344 2476 461 2540 genere
485 2457 545 2521 boc
567 2463 710 2521 monstra
732 2476 770 2520 ac
792 2462 943 2540 portenta
966 2457 1116 2533 creabat,

151 2591 192 2637 ne
217 2571 389 2652 quiquam,
407 2574 556 2654 quoniam
580 2578 692 2636 natura
716 2571 889 2636 absterruit
911 2577 1059 2648 auctum,

154 2706 214 2751 nec
236 2692 368 2771 potuere
391 2688 531 2770 cupitum
553 2687 668 2752 aetatis
691 2693 826 2766 tangere
848 2686 959 2751 florem

156 2820 215 2867 nec
238 2804 377 2886 reperire
400 2805 505 2868 cibum
529 2822 589 2868 nec
611 2802 699 2882 iungi
724 2820 781 2883 per
803 2801 940 2866 Veneris
964 2820 1037 2866 res.

153 2917 251 2981 multa
274 2917 419 2982 videmus
443 2920 528 2982 enim
551 2920 647 2982 rebus
672 2935 862 2981 concurrere
884 2916 1021 3001 debere,

77 3053 128 3100 seo
153 3038 188 3096 ut
211 3032 422 3114 propagando
445 3031 569 3114 possint
591 3030 770 3114 procudere
794 3033 923 3113 saecla3

153 3147 275 3229 pabula
297 3144 431 3229 primum
456 3152 490 3208 ut
513 3146 596 3222 sint,
614 3147 767 3228 genitalia
792 3146 908 3212 deinde
932 3166 989 3231 per
1011 3151 1099 3212 artus

155 3259 279 3324 semina
303 3279 365 3341 qua
387 3260 512 3342 possint
532 3263 683 3327 membris
707 3282 838 3326 manare
860 3263 1014 3343 remissa,

155 3373 337 3456 feminaque
362 3384 396 3439 ut
418 3377 562 3441 maribus
585 3362 732 3460 coniudgi
756 3377 858 3461 possit
881 3396 998 3461 avere,
1082 3412 1087 3419 ·

155 3494 327 3569 mutuaque
350 3490 512 3556 insinuent
534 3491 616 3555 inter
638 3511 673 3555 se
696 3492 818 3574 gaudia
840 3498 994 3572 uterque.

81 3624 131 3671 sss
199 3603 362 3685 Multaque
386 3613 452 3669 tum
474 3606 635 3671 interiisse
658 3606 855 3670 animantum
879 3606 988 3670 saecla
1009 3609 1176 3670 necessest

155 3739 214 3782 nec
236 3718 379 3802 potuisse
402 3722 612 3806 propagando
634 3723 810 3805 procudere
833 3723 976 3807 prolem.

159 3929 209 3976 833
230 3929 320 3976 erescit
343 3930 355 3994 pi
380 3930 551 3979 conticeant.
578 3927 592 3997 ii
619 3932 668 3977 838
689 3930 772 3992 potuit
796 3929 808 3995 Η
834 3932 885 3978 838
905 3929 968 3977 facit
992 3926 1005 3997 Η
1032 3930 1081 3977 839
1101 3927 1284 3990 Androgynem

158 4015 223 4062 inter
242 4023 310 4063 utras
329 4030 525 4078 necutrumque
544 4028 678 4079 utrumque
705 4014 716 4080 Η
743 4019 792 4064 841
814 4017 896 4064 Multa
922 4014 935 4085 Η
960 4019 1011 4065 844
1034 4017 1102 4065 volet
1127 4012 1139 4082 ii
1167 4016 1218 4062 846
1242 4013 1284 4061 ab·

158 4102 249 4151 serruit
274 4116 286 4167 p
314 4105 364 4152 850
383 4105 532 4166 procludere
553 4103 565 4171 ii
591 4108 638 4154 831
661 4104 774 4167 primunt
800 4102 813 4172 Η
838 4107 887 4153 852
908 4105 988 4167 possis
1008 4102 1021 4168 Η
1042 4105 1170 4154 remissis.
1194 4101 1208 4174 Η
1234 4105 1283 4155 883

157 4189 252 4239 orarius
284 4228 287 4257 ί
309 4191 390 4257 possis
409 4191 517 4240 habere.
540 4190 552 4257 ji
573 4195 624 4241 834
643 4193 734 4240 Mutua
753 4192 796 4255 qui
816 4202 927 4243 metuont
