<?xml version="1.0" encoding="UTF-8"?>
<!DOCTYPE html PUBLIC "-//W3C//DTD XHTML 1.0 Transitional//EN"
    "http://www.w3.org/TR/xhtml1/DTD/xhtml1-transitional.dtd">
<html xmlns="http://www.w3.org/1999/xhtml" xml:lang="en" lang="en">
 <head>
  <title>
</title>
<meta http-equiv="Content-Type" content="text/html;charset=utf-8" />
  <meta name='ocr-system' content='tesseract 3.04.00' />
  <meta name='ocr-capabilities' content='ocr_page ocr_carea ocr_par ocr_line ocrx_word'/>
</head>
<body>
  <div class='ocr_page' id='page_1' title='image "./tlucreticarider15carugoog_0175.png"; bbox 0 0 2744 4658; ppageno 0'>
   <div class='ocr_carea' id='block_1_1' title="bbox 171 223 742 291">
    <p class='ocr_par' dir='ltr' id='par_1_1' title="bbox 171 223 742 291">
     <span class='ocr_line' id='line_1_1' title="bbox 171 223 742 291; baseline -0.005 -1"><span class='ocrx_word' id='word_1_1' title='bbox 171 227 232 291; x_wconf 73' lang='lat'>172</span> <span class='ocrx_word' id='word_1_2' title='bbox 714 223 742 287; x_wconf 89' lang='lat' dir='ltr'>V</span> 
     </span>
    </p>
   </div>
   <div class='ocr_carea' id='block_1_2' title="bbox 94 392 1224 3692">
    <p class='ocr_par' dir='ltr' id='par_1_2' title="bbox 94 392 1224 3692">
     <span class='ocr_line' id='line_1_2' title="bbox 168 392 998 476; baseline 0.005 -19"><span class='ocrx_word' id='word_1_3' title='bbox 168 392 342 459; x_wconf 86' lang='lat' dir='ltr'>seminibus</span> <span class='ocrx_word' id='word_1_4' title='bbox 364 395 526 476; x_wconf 84' lang='lat' dir='ltr'>multoque</span> <span class='ocrx_word' id='word_1_5' title='bbox 549 393 714 458; x_wconf 89' lang='lat' dir='ltr'>nrinnribu’</span> <span class='ocrx_word' id='word_1_6' title='bbox 738 401 810 458; x_wconf 88' lang='lat' dir='ltr'>sunt</span> <span class='ocrx_word' id='word_1_7' title='bbox 832 394 998 461; x_wconf 83' lang='lat' dir='ltr'>elementis</span> 
     </span>
     <span class='ocr_line' id='line_1_3' title="bbox 170 508 1000 592; baseline 0.005 -20"><span class='ocrx_word' id='word_1_8' title='bbox 170 528 264 591; x_wconf 81' lang='lat' dir='ltr'>quarn</span> <span class='ocrx_word' id='word_1_9' title='bbox 288 509 401 573; x_wconf 89' lang='lat' dir='ltr'>tellus.</span> <span class='ocrx_word' id='word_1_10' title='bbox 416 509 510 586; x_wconf 84' lang='lat' dir='ltr'>ideo,</span> <span class='ocrx_word' id='word_1_11' title='bbox 526 529 583 592; x_wconf 87' lang='lat' dir='ltr'>per</span> <span class='ocrx_word' id='word_1_12' title='bbox 605 529 678 574; x_wconf 89' lang='lat' dir='ltr'>rara</span> <span class='ocrx_word' id='word_1_13' title='bbox 700 508 877 586; x_wconf 80' lang='lat' dir='ltr'><strong>foramina,</strong></span> <span class='ocrx_word' id='word_1_14' title='bbox 893 514 1000 576; x_wconf 89' lang='lat' dir='ltr'>terrae</span> 
     </span>
     <span class='ocr_line' id='line_1_4' title="bbox 167 624 980 708; baseline 0.002 -21"><span class='ocrx_word' id='word_1_15' title='bbox 167 624 311 708; x_wconf 83' lang='lat' dir='ltr'>partibus</span> <span class='ocrx_word' id='word_1_16' title='bbox 334 642 504 708; x_wconf 85' lang='lat' dir='ltr'>erumpens</span> <span class='ocrx_word' id='word_1_17' title='bbox 526 624 645 707; x_wconf 86' lang='lat' dir='ltr'>prirnus</span> <span class='ocrx_word' id='word_1_18' title='bbox 668 644 703 688; x_wconf 92' lang='lat' dir='ltr'>se</span> <span class='ocrx_word' id='word_1_19' title='bbox 725 625 851 689; x_wconf 82' lang='lat' dir='ltr'><strong>sustulit</strong></span> <span class='ocrx_word' id='word_1_20' title='bbox 872 624 980 689; x_wconf 85' lang='lat' dir='ltr'><strong>aether</strong></span> 
     </span>
     <span class='ocr_line' id='line_1_5' title="bbox 168 737 984 823; baseline 0.004 -22"><span class='ocrx_word' id='word_1_21' title='bbox 168 738 283 821; x_wconf 78' lang='lat' dir='ltr'><strong>ignifer</strong></span> <span class='ocrx_word' id='word_1_22' title='bbox 306 744 338 803; x_wconf 90' lang='lat' dir='ltr'>et</span> <span class='ocrx_word' id='word_1_23' title='bbox 358 738 473 802; x_wconf 74' lang='lat' dir='ltr'>inultos</span> <span class='ocrx_word' id='word_1_24' title='bbox 496 757 604 803; x_wconf 80' lang='lat' dir='ltr'>seeunr</span> <span class='ocrx_word' id='word_1_25' title='bbox 625 738 705 803; x_wconf 88' lang='lat' dir='ltr'>levis</span> <span class='ocrx_word' id='word_1_26' title='bbox 727 737 859 804; x_wconf 89' lang='lat' dir='ltr'>abstulit</span> <span class='ocrx_word' id='word_1_27' title='bbox 880 738 984 823; x_wconf 87' lang='lat' dir='ltr'>ignis,</span> 
     </span>
     <span class='ocr_line' id='line_1_6' title="bbox 94 851 952 937; baseline -0.005 -17"><span class='ocrx_word' id='word_1_28' title='bbox 94 874 145 920; x_wconf 89' lang='lat'>400</span> <span class='ocrx_word' id='word_1_29' title='bbox 170 874 235 918; x_wconf 89' lang='lat' dir='ltr'>nnn</span> <span class='ocrx_word' id='word_1_30' title='bbox 258 853 321 917; x_wconf 88' lang='lat' dir='ltr'>alia</span> <span class='ocrx_word' id='word_1_31' title='bbox 341 851 437 937; x_wconf 87' lang='lat' dir='ltr'>longe</span> <span class='ocrx_word' id='word_1_32' title='bbox 459 853 583 918; x_wconf 84' lang='lat' dir='ltr'>ratione</span> <span class='ocrx_word' id='word_1_33' title='bbox 605 873 643 918; x_wconf 85' lang='lat' dir='ltr'>ae</span> <span class='ocrx_word' id='word_1_34' title='bbox 665 872 765 937; x_wconf 89' lang='lat' dir='ltr'>saepe</span> <span class='ocrx_word' id='word_1_35' title='bbox 786 853 952 931; x_wconf 88' lang='lat' dir='ltr'>videntur,</span> 
     </span>
     <span class='ocr_line' id='line_1_7' title="bbox 169 966 1047 1051; baseline 0.002 -20"><span class='ocrx_word' id='word_1_36' title='bbox 169 987 266 1031; x_wconf 84' lang='lat' dir='ltr'>aurea</span> <span class='ocrx_word' id='word_1_37' title='bbox 290 986 360 1031; x_wconf 87' lang='lat' dir='ltr'>eum</span> <span class='ocrx_word' id='word_1_38' title='bbox 382 967 518 1050; x_wconf 88' lang='lat' dir='ltr'>primum</span> <span class='ocrx_word' id='word_1_39' title='bbox 539 966 732 1049; x_wconf 87' lang='lat' dir='ltr'>gemmantis</span> <span class='ocrx_word' id='word_1_40' title='bbox 753 986 826 1032; x_wconf 91' lang='lat' dir='ltr'>r0re</span> <span class='ocrx_word' id='word_1_41' title='bbox 848 987 908 1051; x_wconf 90' lang='lat' dir='ltr'>per</span> <span class='ocrx_word' id='word_1_42' title='bbox 929 968 1047 1033; x_wconf 87' lang='lat' dir='ltr'>herbas</span> 
     </span>
     <span class='ocr_line' id='line_1_8' title="bbox 171 1081 861 1160; baseline 0.003 -15"><span class='ocrx_word' id='word_1_43' title='bbox 171 1081 326 1145; x_wconf 87' lang='lat' dir='ltr'>matutina</span> <span class='ocrx_word' id='word_1_44' title='bbox 346 1081 461 1146; x_wconf 90' lang='lat' dir='ltr'>rubent</span> <span class='ocrx_word' id='word_1_45' title='bbox 481 1081 596 1145; x_wconf 89' lang='lat' dir='ltr'>radiati</span> <span class='ocrx_word' id='word_1_46' title='bbox 619 1081 742 1146; x_wconf 89' lang='lat' dir='ltr'>lumina</span> <span class='ocrx_word' id='word_1_47' title='bbox 764 1081 861 1160; x_wconf 84' lang='lat' dir='ltr'>solis,</span> 
     </span>
     <span class='ocr_line' id='line_1_9' title="bbox 171 1194 957 1279; baseline -0.001 -18"><span class='ocrx_word' id='word_1_48' title='bbox 171 1196 302 1261; x_wconf 85' lang='lat' dir='ltr'>exalare</span> <span class='ocrx_word' id='word_1_49' title='bbox 323 1194 413 1260; x_wconf 80' lang='lat' dir='ltr'>lanus</span> <span class='ocrx_word' id='word_1_50' title='bbox 434 1194 582 1259; x_wconf 82' lang='lat' dir='ltr'>nebulam</span> <span class='ocrx_word' id='word_1_51' title='bbox 605 1194 754 1277; x_wconf 90' lang='lat' dir='ltr'>fluviique</span> <span class='ocrx_word' id='word_1_52' title='bbox 776 1213 957 1279; x_wconf 82' lang='lat' dir='ltr'>perennes,</span> 
     </span>
     <span class='ocr_line' id='line_1_10' title="bbox 170 1308 996 1394; baseline 0.001 -21"><span class='ocrx_word' id='word_1_53' title='bbox 170 1310 306 1394; x_wconf 89' lang='lat' dir='ltr'>ipsaque</span> <span class='ocrx_word' id='word_1_54' title='bbox 330 1314 364 1372; x_wconf 95' lang='lat' dir='ltr'>ut</span> <span class='ocrx_word' id='word_1_55' title='bbox 385 1309 467 1373; x_wconf 89' lang='lat' dir='ltr'>inter</span> <span class='ocrx_word' id='word_1_56' title='bbox 489 1309 563 1373; x_wconf 87' lang='lat' dir='ltr'>dum</span> <span class='ocrx_word' id='word_1_57' title='bbox 587 1310 681 1375; x_wconf 89' lang='lat' dir='ltr'>tellus</span> <span class='ocrx_word' id='word_1_58' title='bbox 704 1308 828 1374; x_wconf 85' lang='lat' dir='ltr'>fumare</span> <span class='ocrx_word' id='word_1_59' title='bbox 851 1309 996 1393; x_wconf 87' lang='lat' dir='ltr'>videtnr;</span> 
     </span>
     <span class='ocr_line' id='line_1_11' title="bbox 97 1424 1017 1510; baseline -0.002 -18"><span class='ocrx_word' id='word_1_60' title='bbox 97 1445 147 1493; x_wconf 81' lang='lat'>405</span> <span class='ocrx_word' id='word_1_61' title='bbox 173 1424 282 1490; x_wconf 85' lang='lat' dir='ltr'>emnia</span> <span class='ocrx_word' id='word_1_62' title='bbox 305 1445 388 1508; x_wconf 87' lang='lat' dir='ltr'>quae</span> <span class='ocrx_word' id='word_1_63' title='bbox 411 1445 537 1491; x_wconf 88' lang='lat' dir='ltr'>sursum</span> <span class='ocrx_word' id='word_1_64' title='bbox 559 1445 630 1488; x_wconf 85' lang='lat' dir='ltr'>eum</span> <span class='ocrx_word' id='word_1_65' title='bbox 653 1424 880 1510; x_wconf 75' lang='lat' dir='ltr'>conciliantur,</span> <span class='ocrx_word' id='word_1_66' title='bbox 897 1424 930 1488; x_wconf 91' lang='lat' dir='ltr'>in</span> <span class='ocrx_word' id='word_1_67' title='bbox 952 1425 1017 1491; x_wconf 86' lang='lat' dir='ltr'>alte</span> 
     </span>
     <span class='ocr_line' id='line_1_12' title="bbox 173 1538 973 1624; baseline 0.001 -21"><span class='ocrx_word' id='word_1_68' title='bbox 173 1559 306 1624; x_wconf 83' lang='lat' dir='ltr'>corpere</span> <span class='ocrx_word' id='word_1_69' title='bbox 329 1549 475 1606; x_wconf 79' lang='lat' dir='ltr'>concreto</span> <span class='ocrx_word' id='word_1_70' title='bbox 498 1538 672 1604; x_wconf 84' lang='lat' dir='ltr'>subtexunt</span> <span class='ocrx_word' id='word_1_71' title='bbox 694 1539 805 1604; x_wconf 91' lang='lat' dir='ltr'>nubila</span> <span class='ocrx_word' id='word_1_72' title='bbox 827 1540 973 1604; x_wconf 87' lang='lat' dir='ltr'>eaelum.</span> 
     </span>
     <span class='ocr_line' id='line_1_13' title="bbox 175 1652 953 1736; baseline -0.004 -17"><span class='ocrx_word' id='word_1_73' title='bbox 175 1655 220 1719; x_wconf 87' lang='lat' dir='ltr'>sie</span> <span class='ocrx_word' id='word_1_74' title='bbox 242 1655 337 1736; x_wconf 89' lang='lat' dir='ltr'>igitur</span> <span class='ocrx_word' id='word_1_75' title='bbox 359 1662 425 1720; x_wconf 89' lang='lat' dir='ltr'>tum</span> <span class='ocrx_word' id='word_1_76' title='bbox 448 1674 483 1720; x_wconf 88' lang='lat' dir='ltr'>se</span> <span class='ocrx_word' id='word_1_77' title='bbox 506 1654 587 1719; x_wconf 87' lang='lat' dir='ltr'>levis</span> <span class='ocrx_word' id='word_1_78' title='bbox 608 1673 646 1718; x_wconf 86' lang='lat' dir='ltr'>ae</span> <span class='ocrx_word' id='word_1_79' title='bbox 670 1652 819 1718; x_wconf 88' lang='lat' dir='ltr'>diffusilis</span> <span class='ocrx_word' id='word_1_80' title='bbox 841 1653 953 1719; x_wconf 81' lang='lat' dir='ltr'>aether</span> 
     </span>
     <span class='ocr_line' id='line_1_14' title="bbox 170 1768 1006 1854; baseline 0 -20"><span class='ocrx_word' id='word_1_81' title='bbox 170 1789 303 1854; x_wconf 91' lang='lat' dir='ltr'>00rp0re</span> <span class='ocrx_word' id='word_1_82' title='bbox 326 1776 474 1835; x_wconf 87' lang='lat' dir='ltr'>00n0r0t0</span> <span class='ocrx_word' id='word_1_83' title='bbox 498 1770 614 1834; x_wconf 87' lang='lat' dir='ltr'>eireum</span> <span class='ocrx_word' id='word_1_84' title='bbox 638 1770 731 1833; x_wconf 87' lang='lat' dir='ltr'>datus</span> <span class='ocrx_word' id='word_1_85' title='bbox 754 1768 895 1851; x_wconf 91' lang='lat' dir='ltr'>undique</span> <span class='ocrx_word' id='word_1_86' title='bbox 917 1769 1006 1834; x_wconf 84' lang='lat' dir='ltr'>flexit</span> 
     </span>
     <span class='ocr_line' id='line_1_15' title="bbox 172 1883 911 1968; baseline 0.001 -20"><span class='ocrx_word' id='word_1_87' title='bbox 172 1889 203 1948; x_wconf 83' lang='lat' dir='ltr'>et</span> <span class='ocrx_word' id='word_1_88' title='bbox 224 1885 290 1950; x_wconf 89' lang='lat' dir='ltr'>late</span> <span class='ocrx_word' id='word_1_89' title='bbox 313 1883 446 1950; x_wconf 83' lang='lat' dir='ltr'>diffusus</span> <span class='ocrx_word' id='word_1_90' title='bbox 469 1885 502 1948; x_wconf 93' lang='lat' dir='ltr'>in</span> <span class='ocrx_word' id='word_1_91' title='bbox 526 1885 629 1950; x_wconf 87' lang='lat' dir='ltr'>omnis</span> <span class='ocrx_word' id='word_1_92' title='bbox 650 1883 789 1966; x_wconf 90' lang='lat' dir='ltr'>undique</span> <span class='ocrx_word' id='word_1_93' title='bbox 811 1885 911 1968; x_wconf 83' lang='lat' dir='ltr'>partis</span> 
     </span>
     <span class='ocr_line' id='line_1_16' title="bbox 96 1999 945 2084; baseline 0 -20"><span class='ocrx_word' id='word_1_94' title='bbox 96 2020 147 2066; x_wconf 71' lang='lat'>470</span> <span class='ocrx_word' id='word_1_95' title='bbox 172 2001 278 2064; x_wconf 86' lang='lat' dir='ltr'>omnia</span> <span class='ocrx_word' id='word_1_96' title='bbox 301 2000 346 2065; x_wconf 86' lang='lat' dir='ltr'>sie</span> <span class='ocrx_word' id='word_1_97' title='bbox 368 1999 463 2065; x_wconf 84' lang='lat' dir='ltr'>avido</span> <span class='ocrx_word' id='word_1_98' title='bbox 487 2000 655 2084; x_wconf 82' lang='lat' dir='ltr'>complexu</span> <span class='ocrx_word' id='word_1_99' title='bbox 678 2006 783 2064; x_wconf 78' lang='lat' dir='ltr'>cetera</span> <span class='ocrx_word' id='word_1_100' title='bbox 805 1999 945 2082; x_wconf 88' lang='lat' dir='ltr'>saepsit.</span> 
     </span>
     <span class='ocr_line' id='line_1_17' title="bbox 171 2112 946 2194; baseline 0 -16"><span class='ocrx_word' id='word_1_101' title='bbox 171 2115 255 2178; x_wconf 87' lang='lat' dir='ltr'>hune</span> <span class='ocrx_word' id='word_1_102' title='bbox 277 2114 410 2179; x_wconf 86' lang='lat' dir='ltr'>exordia</span> <span class='ocrx_word' id='word_1_103' title='bbox 433 2121 507 2179; x_wconf 90' lang='lat' dir='ltr'>sunt</span> <span class='ocrx_word' id='word_1_104' title='bbox 528 2114 606 2179; x_wconf 85' lang='lat' dir='ltr'>selis</span> <span class='ocrx_word' id='word_1_105' title='bbox 628 2112 789 2194; x_wconf 89' lang='lat' dir='ltr'>lunaeque</span> <span class='ocrx_word' id='word_1_106' title='bbox 812 2119 946 2190; x_wconf 78' lang='lat' dir='ltr'>secuta,</span> 
     </span>
     <span class='ocr_line' id='line_1_18' title="bbox 170 2228 1028 2314; baseline 0.003 -22"><span class='ocrx_word' id='word_1_107' title='bbox 170 2230 390 2310; x_wconf 87' lang='lat' dir='ltr'>interutraque</span> <span class='ocrx_word' id='word_1_108' title='bbox 413 2228 500 2312; x_wconf 83' lang='lat' dir='ltr'>globi</span> <span class='ocrx_word' id='word_1_109' title='bbox 524 2248 656 2309; x_wconf 86' lang='lat' dir='ltr'>querum</span> <span class='ocrx_word' id='word_1_110' title='bbox 680 2233 843 2292; x_wconf 88' lang='lat' dir='ltr'>vertuntur</span> <span class='ocrx_word' id='word_1_111' title='bbox 866 2229 898 2292; x_wconf 92' lang='lat' dir='ltr'>in</span> <span class='ocrx_word' id='word_1_112' title='bbox 921 2229 1028 2314; x_wconf 87' lang='lat' dir='ltr'>auris;</span> 
     </span>
     <span class='ocr_line' id='line_1_19' title="bbox 172 2340 1142 2426; baseline 0.002 -20"><span class='ocrx_word' id='word_1_113' title='bbox 172 2363 255 2426; x_wconf 87' lang='lat' dir='ltr'>quae</span> <span class='ocrx_word' id='word_1_114' title='bbox 277 2362 380 2424; x_wconf 85' lang='lat' dir='ltr'>neque</span> <span class='ocrx_word' id='word_1_115' title='bbox 403 2340 487 2408; x_wconf 69' lang='lat' dir='ltr'>terra</span> <span class='ocrx_word' id='word_1_116' title='bbox 510 2341 571 2406; x_wconf 91' lang='lat' dir='ltr'>sibi</span> <span class='ocrx_word' id='word_1_117' title='bbox 594 2341 729 2406; x_wconf 80' lang='lat' dir='ltr'>adscivit</span> <span class='ocrx_word' id='word_1_118' title='bbox 751 2363 808 2408; x_wconf 85' lang='lat' dir='ltr'>nee</span> <span class='ocrx_word' id='word_1_119' title='bbox 830 2344 989 2410; x_wconf 85' lang='lat' dir='ltr'>maximus</span> <span class='ocrx_word' id='word_1_120' title='bbox 1011 2345 1142 2424; x_wconf 83' lang='lat' dir='ltr'>aether,</span> 
     </span>
     <span class='ocr_line' id='line_1_20' title="bbox 177 2456 1224 2553; baseline 0.003 -32"><span class='ocrx_word' id='word_1_121' title='bbox 177 2457 263 2540; x_wconf 83' lang='lat' dir='ltr'>quod</span> <span class='ocrx_word' id='word_1_122' title='bbox 287 2477 390 2539; x_wconf 85' lang='lat' dir='ltr'>neque</span> <span class='ocrx_word' id='word_1_123' title='bbox 413 2464 478 2522; x_wconf 87' lang='lat' dir='ltr'>tarn</span> <span class='ocrx_word' id='word_1_124' title='bbox 501 2456 626 2553; x_wconf 82' lang='lat' dir='ltr'>luerunt</span> <span class='ocrx_word' id='word_1_125' title='bbox 648 2458 761 2538; x_wconf 81' lang='lat' dir='ltr'>gravia</span> <span class='ocrx_word' id='word_1_126' title='bbox 783 2465 817 2522; x_wconf 88' lang='lat' dir='ltr'>ut</span> <span class='ocrx_word' id='word_1_127' title='bbox 839 2458 995 2542; x_wconf 88' lang='lat' dir='ltr'>depressa</span> <span class='ocrx_word' id='word_1_128' title='bbox 1016 2459 1186 2544; x_wconf 89' lang='lat' dir='ltr'>sederent,</span> <span class='ocrx_word' id='word_1_129' title='bbox 1218 2456 1224 2463; x_wconf 77' lang='grc'><strong><em>’</em></strong></span> 
     </span>
     <span class='ocr_line' id='line_1_21' title="bbox 98 2572 1166 2659; baseline 0.001 -19"><span class='ocrx_word' id='word_1_130' title='bbox 98 2594 148 2640; x_wconf 73' lang='grc' dir='ltr'>ιιι</span> <span class='ocrx_word' id='word_1_131' title='bbox 174 2592 234 2638; x_wconf 80' lang='lat' dir='ltr'>nee</span> <span class='ocrx_word' id='word_1_132' title='bbox 255 2572 342 2637; x_wconf 88' lang='lat' dir='ltr'>levia</span> <span class='ocrx_word' id='word_1_133' title='bbox 363 2576 398 2635; x_wconf 91' lang='lat' dir='ltr'>ut</span> <span class='ocrx_word' id='word_1_134' title='bbox 419 2578 551 2656; x_wconf 88' lang='lat' dir='ltr'>possent</span> <span class='ocrx_word' id='word_1_135' title='bbox 572 2593 630 2658; x_wconf 91' lang='lat' dir='ltr'>per</span> <span class='ocrx_word' id='word_1_136' title='bbox 652 2593 793 2638; x_wconf 89' lang='lat' dir='ltr'>sunnnas</span> <span class='ocrx_word' id='word_1_137' title='bbox 814 2573 918 2640; x_wconf 87' lang='lat' dir='ltr'>labier</span> <span class='ocrx_word' id='word_1_138' title='bbox 940 2595 1034 2659; x_wconf 86' lang='lat' dir='ltr'>oras,</span> <span class='ocrx_word' id='word_1_139' title='bbox 1150 2604 1166 2631; x_wconf 74' lang='grc' dir='ltr'><strong><em>ο</em></strong></span> 
     </span>
     <span class='ocr_line' id='line_1_22' title="bbox 173 2688 1056 2774; baseline 0.002 -20"><span class='ocrx_word' id='word_1_140' title='bbox 173 2694 334 2754; x_wconf 89' lang='lat' dir='ltr'>ettamen</span> <span class='ocrx_word' id='word_1_141' title='bbox 356 2688 571 2769; x_wconf 87' lang='lat' dir='ltr'>interutraque</span> <span class='ocrx_word' id='word_1_142' title='bbox 593 2689 637 2753; x_wconf 86' lang='lat' dir='ltr'>ita</span> <span class='ocrx_word' id='word_1_143' title='bbox 660 2695 753 2766; x_wconf 87' lang='lat' dir='ltr'>sunt,</span> <span class='ocrx_word' id='word_1_144' title='bbox 770 2694 803 2752; x_wconf 91' lang='lat' dir='ltr'>ut</span> <span class='ocrx_word' id='word_1_145' title='bbox 826 2708 960 2774; x_wconf 78' lang='lat' dir='ltr'>corpora</span> <span class='ocrx_word' id='word_1_146' title='bbox 981 2690 1056 2756; x_wconf 88' lang='lat' dir='ltr'>viva</span> 
     </span>
     <span class='ocr_line' id='line_1_23' title="bbox 172 2803 943 2888; baseline -0.001 -19"><span class='ocrx_word' id='word_1_147' title='bbox 172 2809 299 2869; x_wconf 87' lang='lat' dir='ltr'>versent</span> <span class='ocrx_word' id='word_1_148' title='bbox 321 2809 353 2869; x_wconf 90' lang='lat' dir='ltr'>et</span> <span class='ocrx_word' id='word_1_149' title='bbox 375 2809 483 2888; x_wconf 84' lang='lat' dir='ltr'>partes</span> <span class='ocrx_word' id='word_1_150' title='bbox 504 2809 540 2867; x_wconf 85' lang='lat' dir='ltr'>ut</span> <span class='ocrx_word' id='word_1_151' title='bbox 562 2803 671 2868; x_wconf 89' lang='lat' dir='ltr'>mundi</span> <span class='ocrx_word' id='word_1_152' title='bbox 694 2803 790 2867; x_wconf 86' lang='lat' dir='ltr'>tutius</span> <span class='ocrx_word' id='word_1_153' title='bbox 814 2809 943 2881; x_wconf 83' lang='lat' dir='ltr'>extent3</span> 
     </span>
     <span class='ocr_line' id='line_1_24' title="bbox 173 2917 1043 3003; baseline 0 -19"><span class='ocrx_word' id='word_1_154' title='bbox 173 2919 259 3002; x_wconf 88' lang='lat' dir='ltr'>quod</span> <span class='ocrx_word' id='word_1_155' title='bbox 280 2939 382 3003; x_wconf 87' lang='lat' dir='ltr'>genus</span> <span class='ocrx_word' id='word_1_156' title='bbox 404 2919 437 2981; x_wconf 92' lang='lat' dir='ltr'>in</span> <span class='ocrx_word' id='word_1_157' title='bbox 460 2918 553 2982; x_wconf 88' lang='lat' dir='ltr'>nnbis</span> <span class='ocrx_word' id='word_1_158' title='bbox 575 2918 733 3000; x_wconf 87' lang='lat' dir='ltr'>quaedam</span> <span class='ocrx_word' id='word_1_159' title='bbox 756 2917 829 2982; x_wconf 88' lang='lat' dir='ltr'>lieet</span> <span class='ocrx_word' id='word_1_160' title='bbox 851 2918 884 2982; x_wconf 92' lang='lat' dir='ltr'>in</span> <span class='ocrx_word' id='word_1_161' title='bbox 907 2919 1043 2985; x_wconf 87' lang='lat' dir='ltr'>statione</span> 
     </span>
     <span class='ocr_line' id='line_1_25' title="bbox 173 3032 1203 3115; baseline 0.003 -18"><span class='ocrx_word' id='word_1_162' title='bbox 173 3034 318 3099; x_wconf 88' lang='lat' dir='ltr'>membra</span> <span class='ocrx_word' id='word_1_163' title='bbox 341 3052 494 3109; x_wconf 84' lang='lat' dir='ltr'>manere,</span> <span class='ocrx_word' id='word_1_164' title='bbox 511 3038 618 3097; x_wconf 88' lang='lat' dir='ltr'>tamen</span> <span class='ocrx_word' id='word_1_165' title='bbox 641 3052 713 3098; x_wconf 84' lang='lat' dir='ltr'>eum</span> <span class='ocrx_word' id='word_1_166' title='bbox 736 3032 799 3096; x_wconf 88' lang='lat' dir='ltr'>sint</span> <span class='ocrx_word' id='word_1_167' title='bbox 822 3052 863 3097; x_wconf 91' lang='lat' dir='ltr'>ea</span> <span class='ocrx_word' id='word_1_168' title='bbox 886 3053 971 3115; x_wconf 89' lang='lat' dir='ltr'>quae</span> <span class='ocrx_word' id='word_1_169' title='bbox 993 3039 1203 3100; x_wconf 85' lang='lat' dir='ltr'>moveantur.</span> 
     </span>
     <span class='ocr_line' id='line_1_26' title="bbox 98 3147 905 3232; baseline -0.006 -15"><span class='ocrx_word' id='word_1_170' title='bbox 98 3170 149 3217; x_wconf 82' lang='lat'>480</span> <span class='ocrx_word' id='word_1_171' title='bbox 172 3148 223 3213; x_wconf 91' lang='lat' dir='ltr'>bis</span> <span class='ocrx_word' id='word_1_172' title='bbox 244 3147 340 3230; x_wconf 89' lang='lat' dir='ltr'>igitur</span> <span class='ocrx_word' id='word_1_173' title='bbox 363 3147 458 3212; x_wconf 90' lang='lat' dir='ltr'>rebus</span> <span class='ocrx_word' id='word_1_174' title='bbox 481 3147 625 3214; x_wconf 77' lang='lat' dir='ltr'>retractis</span> <span class='ocrx_word' id='word_1_175' title='bbox 647 3154 732 3213; x_wconf 89' lang='lat' dir='ltr'>terra</span> <span class='ocrx_word' id='word_1_176' title='bbox 756 3154 905 3232; x_wconf 90' lang='lat' dir='ltr'>repente,</span> 
     </span>
     <span class='ocr_line' id='line_1_27' title="bbox 173 3262 1107 3349; baseline 0.002 -23"><span class='ocrx_word' id='word_1_177' title='bbox 173 3281 324 3326; x_wconf 86' lang='lat' dir='ltr'>maxuma</span> <span class='ocrx_word' id='word_1_178' title='bbox 348 3282 412 3344; x_wconf 88' lang='lat' dir='ltr'>qua</span> <span class='ocrx_word' id='word_1_179' title='bbox 434 3282 519 3328; x_wconf 87' lang='lat' dir='ltr'>nune</span> <span class='ocrx_word' id='word_1_180' title='bbox 541 3282 576 3327; x_wconf 92' lang='lat' dir='ltr'>se</span> <span class='ocrx_word' id='word_1_181' title='bbox 599 3262 687 3347; x_wconf 87' lang='lat' dir='ltr'>penti</span> <span class='ocrx_word' id='word_1_182' title='bbox 709 3262 809 3346; x_wconf 83' lang='lat' dir='ltr'>plaga</span> <span class='ocrx_word' id='word_1_183' title='bbox 832 3263 965 3329; x_wconf 83' lang='lat' dir='ltr'>eaernla</span> <span class='ocrx_word' id='word_1_184' title='bbox 986 3263 1107 3349; x_wconf 88' lang='lat' dir='ltr'>tendit,</span> 
     </span>
     <span class='ocr_line' id='line_1_28' title="bbox 173 3376 916 3461; baseline 0.001 -19"><span class='ocrx_word' id='word_1_185' title='bbox 173 3377 305 3442; x_wconf 74' lang='lat' dir='ltr'>succidit</span> <span class='ocrx_word' id='word_1_186' title='bbox 328 3384 360 3443; x_wconf 92' lang='lat' dir='ltr'>et</span> <span class='ocrx_word' id='word_1_187' title='bbox 382 3377 467 3442; x_wconf 85' lang='lat' dir='ltr'>salso</span> <span class='ocrx_word' id='word_1_188' title='bbox 491 3376 622 3442; x_wconf 87' lang='lat' dir='ltr'>suffudit</span> <span class='ocrx_word' id='word_1_189' title='bbox 643 3377 769 3461; x_wconf 84' lang='lat' dir='ltr'>gurgite</span> <span class='ocrx_word' id='word_1_190' title='bbox 791 3377 916 3443; x_wconf 86' lang='lat' dir='ltr'>fossas.</span> 
     </span>
     <span class='ocr_line' id='line_1_29' title="bbox 172 3491 1066 3575; baseline 0.002 -18"><span class='ocrx_word' id='word_1_191' title='bbox 172 3494 268 3575; x_wconf 91' lang='lat' dir='ltr'>inque</span> <span class='ocrx_word' id='word_1_192' title='bbox 291 3492 361 3558; x_wconf 90' lang='lat' dir='ltr'>dies</span> <span class='ocrx_word' id='word_1_193' title='bbox 383 3498 502 3575; x_wconf 85' lang='lat' dir='ltr'>quanto</span> <span class='ocrx_word' id='word_1_194' title='bbox 526 3491 645 3558; x_wconf 89' lang='lat' dir='ltr'>eireum</span> <span class='ocrx_word' id='word_1_195' title='bbox 666 3491 771 3573; x_wconf 88' lang='lat' dir='ltr'>magis</span> <span class='ocrx_word' id='word_1_196' title='bbox 794 3492 867 3557; x_wconf 87' lang='lat' dir='ltr'>aeth</span> <span class='ocrx_word' id='word_1_197' title='bbox 907 3493 935 3560; x_wconf 91' lang='lat' dir='ltr'>is</span> <span class='ocrx_word' id='word_1_198' title='bbox 958 3500 1066 3559; x_wconf 87' lang='lat' dir='ltr'>aestus</span> 
     </span>
     <span class='ocr_line' id='line_1_30' title="bbox 174 3512 919 3692; baseline -0.003 -20"><span class='ocrx_word' id='word_1_199' title='bbox 174 3612 206 3672; x_wconf 93' lang='lat' dir='ltr'>et</span> <span class='ocrx_word' id='word_1_200' title='bbox 227 3607 308 3671; x_wconf 91' lang='lat' dir='ltr'>radii</span> <span class='ocrx_word' id='word_1_201' title='bbox 331 3607 408 3672; x_wconf 85' lang='lat' dir='ltr'>solis</span> <span class='ocrx_word' id='word_1_202' title='bbox 432 3608 590 3692; x_wconf 83' lang='lat' dir='ltr'>cogebant</span> <span class='ocrx_word' id='word_1_203' title='bbox 613 3605 754 3688; x_wconf 89' lang='lat' dir='ltr'>undique</span> <span class='ocrx_word' id='word_1_204' title='bbox 776 3512 919 3692; x_wconf 47' lang='lat' dir='ltr'>idrag,</span> 
     </span>
    </p>
   </div>
   <div class='ocr_carea' id='block_1_3' title="bbox 98 3721 957 3809">
    <p class='ocr_par' dir='ltr' id='par_1_3' title="bbox 98 3721 957 3809">
     <span class='ocr_line' id='line_1_31' title="bbox 98 3721 957 3809; baseline -0.002 -20"><span class='ocrx_word' id='word_1_205' title='bbox 98 3743 149 3791; x_wconf 80' lang='lat'>485</span> <span class='ocrx_word' id='word_1_206' title='bbox 175 3723 361 3788; x_wconf 88' lang='lat' dir='ltr'>verberibus</span> <span class='ocrx_word' id='word_1_207' title='bbox 374 3721 504 3788; x_wconf 83' lang='lat' dir='ltr'>&#39;enebris</span> <span class='ocrx_word' id='word_1_208' title='bbox 528 3728 668 3786; x_wconf 86' lang='lat' dir='ltr'>extrema</span> <span class='ocrx_word' id='word_1_209' title='bbox 690 3741 711 3787; x_wconf 88' lang='lat' dir='ltr'>a</span> <span class='ocrx_word' id='word_1_210' title='bbox 732 3722 842 3786; x_wconf 88' lang='lat' dir='ltr'>limini&#39;</span> <span class='ocrx_word' id='word_1_211' title='bbox 865 3728 957 3809; x_wconf 89' lang='lat' dir='ltr'>parte</span> 
     </span>
    </p>
   </div>
   <div class='ocr_carea' id='block_1_4' title="bbox 176 3907 376 3915">
    <p class='ocr_par' dir='ltr' id='par_1_4' title="bbox 176 3907 376 3915">
     <span class='ocr_line' id='line_1_32' title="bbox 176 3907 376 3915; baseline 0.01 -2"><span class='ocrx_word' id='word_1_212' title='bbox 176 3907 376 3915; x_wconf 77' lang='lat'>..-—-—-—.</span> 
     </span>
    </p>
   </div>
   <div class='ocr_carea' id='block_1_5' title="bbox 176 4022 1301 4266">
    <p class='ocr_par' dir='ltr' id='par_1_5' title="bbox 176 4022 1301 4266">
     <span class='ocr_line' id='line_1_33' title="bbox 177 4022 1301 4095; baseline 0.002 -21"><span class='ocrx_word' id='word_1_213' title='bbox 177 4028 228 4075; x_wconf 79' lang='lat'>408</span> <span class='ocrx_word' id='word_1_214' title='bbox 241 4035 266 4076; x_wconf 87' lang='lat' dir='ltr'>et</span> <span class='ocrx_word' id='word_1_215' title='bbox 286 4026 299 4095; x_wconf 81' lang='grc' dir='ltr'>ΙΙ</span> <span class='ocrx_word' id='word_1_216' title='bbox 320 4028 371 4076; x_wconf 88' lang='grc'>460</span> <span class='ocrx_word' id='word_1_217' title='bbox 388 4025 516 4076; x_wconf 80' lang='lat' dir='ltr'>videmus.</span> <span class='ocrx_word' id='word_1_218' title='bbox 537 4022 551 4093; x_wconf 88' lang='grc' dir='ltr'>ΙΙ</span> <span class='ocrx_word' id='word_1_219' title='bbox 571 4028 622 4075; x_wconf 83' lang='grc'>463</span> <span class='ocrx_word' id='word_1_220' title='bbox 635 4025 795 4088; x_wconf 83' lang='lat' dir='ltr'>Exalantque</span> <span class='ocrx_word' id='word_1_221' title='bbox 815 4023 827 4094; x_wconf 76' lang='grc' dir='ltr'>Η</span> <span class='ocrx_word' id='word_1_222' title='bbox 848 4028 899 4075; x_wconf 88' lang='grc'>468</span> <span class='ocrx_word' id='word_1_223' title='bbox 912 4025 1021 4090; x_wconf 87' lang='lat' dir='ltr'>saepsit.</span> <span class='ocrx_word' id='word_1_224' title='bbox 1042 4022 1056 4093; x_wconf 72' lang='lat' dir='ltr'>ll</span> <span class='ocrx_word' id='word_1_225' title='bbox 1075 4027 1126 4075; x_wconf 77' lang='lat'>472</span> <span class='ocrx_word' id='word_1_226' title='bbox 1139 4025 1210 4076; x_wconf 89' lang='lat' dir='ltr'>Inter</span> <span class='ocrx_word' id='word_1_227' title='bbox 1222 4034 1301 4076; x_wconf 86' lang='lat' dir='ltr'>utras·</span> 
     </span>
     <span class='ocr_line' id='line_1_34' title="bbox 176 4109 1299 4182; baseline 0.004 -20"><span class='ocrx_word' id='word_1_228' title='bbox 176 4128 224 4177; x_wconf 90' lang='lat' dir='ltr'>qne</span> <span class='ocrx_word' id='word_1_229' title='bbox 245 4111 258 4182; x_wconf 81' lang='grc' dir='ltr'>ΙΙ</span> <span class='ocrx_word' id='word_1_230' title='bbox 278 4117 329 4164; x_wconf 77' lang='grc'>476</span> <span class='ocrx_word' id='word_1_231' title='bbox 347 4113 543 4176; x_wconf 86' lang='lat' dir='ltr'>interutrasque</span> <span class='ocrx_word' id='word_1_232' title='bbox 563 4110 578 4181; x_wconf 87' lang='grc' dir='ltr'>ΙΙ</span> <span class='ocrx_word' id='word_1_233' title='bbox 597 4115 647 4163; x_wconf 83' lang='grc'>481</span> <span class='ocrx_word' id='word_1_234' title='bbox 661 4113 736 4178; x_wconf 85' lang='lat' dir='ltr'>plage</span> <span class='ocrx_word' id='word_1_235' title='bbox 758 4109 771 4180; x_wconf 85' lang='grc' dir='ltr'>ΙΙ</span> <span class='ocrx_word' id='word_1_236' title='bbox 791 4115 841 4162; x_wconf 81' lang='lat'>482</span> <span class='ocrx_word' id='word_1_237' title='bbox 855 4114 933 4164; x_wconf 86' lang='lat' dir='ltr'>salsos</span> <span class='ocrx_word' id='word_1_238' title='bbox 946 4113 1038 4164; x_wconf 83' lang='lat' dir='ltr'>offudit</span> <span class='ocrx_word' id='word_1_239' title='bbox 1058 4111 1071 4181; x_wconf 87' lang='grc' dir='ltr'>ΙΙ</span> <span class='ocrx_word' id='word_1_240' title='bbox 1090 4114 1143 4165; x_wconf 79' lang='lat'>480</span> <span class='ocrx_word' id='word_1_241' title='bbox 1163 4115 1196 4167; x_wconf 80' lang='lat' dir='ltr'>ad</span> <span class='ocrx_word' id='word_1_242' title='bbox 1208 4115 1299 4167; x_wconf 79' lang='lat' dir='ltr'>limina</span> 
     </span>
     <span class='ocr_line' id='line_1_35' title="bbox 177 4210 291 4266; baseline -0.018 -14"><span class='ocrx_word' id='word_1_243' title='bbox 177 4210 274 4266; x_wconf 85' lang='lat' dir='ltr'>purtem</span> <span class='ocrx_word' id='word_1_244' title='bbox 285 4239 291 4250; x_wconf 92' lang='lat'><em>.</em></span> 
     </span>
    </p>
   </div>
   <div class='ocr_carea' id='block_1_6' title="bbox 0 0 1380 4658">
    <p class='ocr_par' dir='ltr' id='par_1_6' title="bbox 0 0 1380 4658">
     <span class='ocr_line' id='line_1_36' title="bbox 0 0 1380 4658; baseline 0 0"><span class='ocrx_word' id='word_1_245' title='bbox 0 0 1380 4658; x_wconf 95' lang='lat' dir='ltr'> </span> 
     </span>
    </p>
   </div>
  </div>
 </body>
</html>
