2744 4658
61 260 69 276 .
138 166 180 285 a
689 217 717 280 ιι

57 381 60 385 ’
139 408 173 450 rc
195 407 333 468 veraque
356 393 458 451 metus
480 387 642 450 hominum
666 406 822 467 curaeque
845 407 999 468 sequaces

140 522 200 566 nec
223 507 364 566 metuunt
387 503 508 566 sonitus
530 524 688 567 armorum
712 521 772 566 nec
793 501 862 566 l'era
884 502 967 584 tela,

83 643 116 688 no
141 620 355 698 audacterque
377 618 458 680 inter
482 637 575 698 reges
600 636 766 698 rerumque
789 616 927 700 potentis

140 741 326 816 versantur,
343 752 447 813 neque
468 733 622 812 fulgorem
647 738 830 796 reverentur
853 731 893 794 ab
916 751 992 793 auro

140 869 199 911 nec
221 849 341 912 clarum
364 847 462 911 vestis
486 847 689 930 splendorem
712 846 903 930 purpureai‚

141 963 215 1044 quid
240 963 365 1026 dubitas
389 962 463 1042 quin
486 962 580 1024 omni’
603 961 642 1024 sit
664 961 744 1024 haee
766 960 890 1024 rationi’
912 962 1082 1043 potestas?

143 1078 245 1142 omnis
268 1097 339 1141 cum
361 1077 394 1140 in
417 1076 557 1141 tenebris
580 1077 768 1159 praesertim
790 1076 854 1138 vita
877 1075 1021 1139 laboret:

85 1214 116 1259 55
143 1213 216 1255 nam
237 1192 290 1256 vel
312 1195 355 1255 uti
379 1191 468 1275 pueri
492 1191 655 1275 trepidant
677 1197 772 1272 atque
795 1190 902 1254 omnia
925 1190 1029 1254 caeeis

143 1307 338 1370 intenebris
360 1313 519 1390 metuunt,
537 1306 582 1370 sie
604 1327 663 1370 nos
686 1306 719 1368 in
741 1305 811 1369 lnce
833 1305 978 1369 timemus

142 1422 222 1485 inter·
245 1423 339 1498 duum,
356 1421 420 1484 nilo
444 1441 527 1501 quae
550 1426 622 1485 sunt
643 1421 814 1484 metuenda
836 1421 1058 1504 rnagisuquam

143 1556 225 1618 quae
248 1536 338 1621 pueri
360 1537 392 1599 in
415 1536 555 1599 tenebris
577 1535 723 1618 pavitant
745 1535 929 1626 linguntque
951 1533 1076 1597 futura.

142 1650 224 1714 hunc
246 1651 341 1733 igitur
363 1658 514 1714 terrorem
536 1649 632 1714 animi
655 1650 866 1730 tenebrasque
888 1654 1052 1713 necessest

86 1787 118 1832 60
142 1787 206 1830 non
227 1766 308 1830 radii
334 1765 411 1830 solis
434 1785 539 1846 neque
560 1766 668 1830 lucida
690 1765 754 1828 tela
775 1764 838 1827 diei

142 1879 328 1963 discutiant,
345 1879 404 1944 sed
426 1887 558 1945 naturae
581 1880 704 1964 species
727 1881 891 1962 ratioque.

185 1998 276 2060 Nune
298 2015 380 2079 age,
399 2000 570 2093 (Qu
593 1995 747 2076 genitalia
769 1996 914 2059 materiai

141 2131 276 2194 corpora
298 2131 349 2174 res
371 2111 476 2175 varias
498 2109 632 2190 gignant
655 2110 851 2192 genitasque
866 2110 1046 2188 resolvant,

143 2231 174 2289 et
197 2245 259 2305 qua
280 2227 312 2287 vi
334 2216 440 2289 facere
462 2218 496 2287 id
509 2211 694 2305 cogantur,
710 2211 859 2306 quaeque
882 2208 929 2289 s'i't'
946 2206 1052 2288 ollis*

85 2360 117 2405 es
142 2338 267 2402 reddita
289 2339 449 2404 mobilitas
472 2359 621 2423 magnum
645 2340 819 2424 perinane
842 2339 992 2423 meandi,

143 2451 333 2536 expediam:
349 2459 383 2517 tu
404 2459 436 2518 te
460 2453 550 2517 dictis
572 2456 729 2538 praebere
752 2462 932 2521 memento.

143 2588 217 2631 nam
240 2575 325 2634 certe
348 2588 412 2633 non
436 2570 516 2633 iuter
538 2589 573 2634 se
596 2571 715 2654 stipata
737 2570 886 2636 cohaeret

143 2683 311 2762 materies,
329 2684 477 2765 quoniam
499 2685 599 2750 minui
622 2706 689 2749 rem
713 2707 870 2768 quamque
892 2687 1059 2769 videmus,

144 2805 174 2862 et
197 2799 288 2880 quasi
310 2799 486 2882 longinquo
509 2801 606 2867 fluere
630 2803 735 2866 omnia
757 2802 913 2866 cernimus
935 2821 1015 2866 aevo

87 2935 118 2980 ro
144 2935 184 2980 ex
206 2915 369 2997 oculisque
392 2921 582 2980 vetustatem
604 2917 781 2981 subducere
804 2917 942 3001 nostris,

143 3050 214 3094 curn
236 3036 341 3094 tamen
364 3030 531 3095 incolumis
555 3031 700 3096 videatur
722 3053 845 3096 summa
867 3051 997 3097 manere

142 3151 313 3228 propterea
336 3144 430 3226 qnia,
448 3164 532 3226 quae
555 3146 712 3212 decedunt
733 3168 869 3231 corpora
891 3147 1025 3228 eurique,

144 3258 228 3323 unde
251 3259 370 3324 abeunt
392 3260 554 3338 minuunt,
572 3282 633 3342 quo
656 3282 773 3328 venere
795 3262 945 3343 augmine
968 3262 1109 3344 donant,

143 3373 200 3438 illa
222 3393 390 3439 senescere
413 3381 446 3439 at
468 3376 548 3440 haee
571 3362 681 3440 eonlra
702 3376 868 3443 florescere
893 3383 1030 3458 cogunt,

88 3510 119 3556 75
146 3508 204 3551 nec
225 3495 421 3553 remorantur
443 3490 507 3554 ibi.
524 3491 569 3555 sio
591 3509 696 3556 rerum
719 3513 843 3557 summa
865 3499 1001 3557 novatur

144 3609 338 3686 sempe1·‚et
360 3604 443 3668 inter
465 3624 500 3669 se
522 3606 675 3670 mortales
698 3614 805 3671 mutua
827 3607 953 3673 vivunt.

142 3725 319 3801 augescunt
341 3719 425 3784 aliae
447 3727 578 3804 gentes,
600 3721 684 3787 aliae
705 3722 911 3800 minuuntur,

142 3834 241 3915 inque
264 3833 352 3899 brevi
374 3835 478 3918 spatio
500 3841 659 3900 mutantur
681 3836 788 3902 saecla
810 3835 1007 3902 animantum

144 3956 177 4013 et
200 3948 292 4030 quasi
315 3968 460 4015 cursores
482 3949 559 4014 vitai
580 3949 733 4034 lampada
754 3950 902 4016 tradunt.

148 4201 180 4249 52
191 4213 319 4262 purpura.
339 4195 353 4264 lt
374 4200 407 4248 54
419 4199 537 4250 raboret.
551 4197 564 4268 Η
581 4203 613 4250 62
627 4201 765 4251 materiae.
781 4198 795 4268 Η
809 4204 841 4249 68
855 4201 1079 4264 quamquidemus.
1095 4198 1108 4270 Η
1124 4205 1155 4251 ῖ3
1169 4203 1272 4267 agmine
