2744 4658
686 253 714 316 V

136 441 196 487 nec
219 423 322 488 minus
345 423 378 488 in
401 431 487 488 certo
511 424 621 490 dentes
646 425 763 489 cadere
784 424 921 508 imperat
942 431 1033 491 aetas

133 545 278 623 ternpore
300 545 332 603 et
353 539 506 624 inpubem
528 539 617 604 molli
640 540 815 622 pubescere
837 545 927 605 veste

134 659 166 718 et
186 653 306 737 pariter
327 655 457 719 mollem
480 654 572 719 malis
595 654 760 720 demittere
783 655 938 719 barbam:

52 743 107 838 616
134 768 268 833 fulmina
289 776 472 852 postremo,
489 770 564 847 nix,
580 770 718 852 imbres,
735 769 865 851 nubila,
882 770 989 853 venti,

133 905 199 950 nou
221 884 316 949 nimis
338 884 466 950 incertis
488 884 568 948 fiunt
589 885 621 949 iu
645 885 789 968 partibus
812 883 910 949 6661.
979 916 983 920 ·

133 1017 273 1081 namque
295 999 349 1064 ubi
374 999 420 1065 sic
442 999 569 1063 suerunt
591 1019 760 1065 causarum
786 998 920 1064 exordia
941 998 1044 1081 prima

135 1120 233 1198 atque
254 1113 299 1178 ita
320 1135 371 1180 res
394 1115 502 1179 muudi
526 1116 670 1181 cecidere
692 1116 734 1181 ab
759 1114 882 1197 origine
904 1113 1027 1197 prima,

132 1236 296 1312 conseque
319 1249 445 1311 quoque
468 1231 530 1295 iam
555 1231 690 1297 redeunt
713 1249 755 1295 ex
778 1228 889 1293 ordine
912 1233 1018 1292 certo.

55 1363 109 1411 eso
178 1344 331 1409 Crescere
350 1344 489 1428 itemque
512 1345 582 1411 dies
603 1347 678 1411 licet
700 1351 731 1411 et
753 1345 919 1409 tabescere
941 1347 1071 1417 noctes,

135 1464 169 1523 et
189 1458 288 1523 minui
312 1459 421 1546 luces,
439 1481 509 1526 oum
532 1467 659 1526 sumant
681 1459 832 1542 augmina
853 1466 984 1535 noctes,

133 1582 191 1639 aut
213 1574 288 1658 quia
310 1575 360 1640 661
382 1576 466 1641 idern
489 1577 548 1641 sub
571 1583 674 1643 terras
696 1584 793 1659 atque
816 1593 952 1659 superne

133 1689 313 1774 imparibus
333 1711 466 1758 currens
489 1692 699 1758 amfractibus
722 1691 859 1756 aetheris
883 1710 959 1755 oras

134 1803 232 1888 partit
254 1805 338 1870 etin
360 1807 463 1891 partis
486 1828 551 1872 non
574 1828 697 1890 aequas
720 1806 833 1871 dividit
849 1806 986 1888 orbem,

66 1913 116 1984 661
141 1924 174 1984 et
191 1919 343 2013 quodlab
367 1922 523 1987 alterutra
544 1922 682 1987 detraxit
704 1930 794 2006 parte
808 1970 815 2005 ,
831 1919 960 2005 reponit

140 2032 261 2100 616616
284 2035 421 2102 adversa
442 2042 531 2103 tanto
553 2039 626 2122 plus
648 2045 740 2124 parte
755 2032 904 2117 relatus,

137 2148 241 2215 donec
263 2151 306 2215 ad
329 2152 360 2215 id
385 2153 511 2235 signum
535 2155 617 2219 caeli
630 2153 801 2238 pervenit,
817 2150 872 2216 ubi
895 2148 972 2214 anni

134 2264 239 2330 nodus
262 2271 434 2332 nocturnas
458 2275 618 2350 exaequat
639 2269 765 2334 lucibus
790 2268 940 2331 umbras:

133 2398 210 2444 nam
232 2380 340 2446 medio
364 2402 457 2447 cursu
479 2384 573 2449 116166
596 2382 757 2464 aquilonis
781 2387 812 2447 et
837 2380 937 2446 austri

62 2513 111 2560 666
135 2492 287 2574 distinet,
303 2505 441 2580 aequato
466 2498 589 2563 caelum
613 2497 796 2562 discrimine
820 2502 964 2571 metans,

48 2639 54 2645 ·
135 2615 268 2694 propter
290 2611 436 2694 signiferi
459 2612 635 2696 posituram
659 2613 755 2677 totius
779 2611 865 2675 orbis

61 2743 111 2789 666
137 2722 282 2808 obliqui,
299 2730 400 2791 terras
423 2733 455 2791 et
477 2727 605 2792 caelum
627 2727 746 2792 lumine
768 2726 908 2790 16616666

61 2857 111 2904 666
138 2857 249 2903 66666
272 2840 319 2905 661
343 2840 375 2904 16
400 2861 461 2922 quo
486 2841 647 2906 concludit
668 2848 813 2926 tempora
837 2829 990 2923 serpens,

64 2972 114 3019 664
139 2958 175 3016 61
196 2953 277 3018 ratio
300 2955 443 3020 declarat
467 2974 574 3020 eorum
599 2957 651 3037 qui
675 2957 747 3021 loca
769 2957 850 3021 caeli

67 3092 81 3110 ·
139 3067 436 3153 omniadispositis
459 3070 558 3153 signis
581 3076 694 3134 ornata
716 3075 885 3133 notarunt.

136 3188 193 3246 aut
215 3183 292 3264 quia
314 3185 452 3250 crassior
476 3190 524 3250 est
547 3185 640 3250 certis
664 3183 697 3247 in
720 3183 863 3266 partibus
886 3191 961 3266 666,

138 3297 198 3362 sub
220 3299 312 3363 terris
334 3298 408 3364 ideo
432 3301 604 3364 tremulum
626 3299 718 3363 iubar
740 3298 878 3363 haesitat
899 3298 984 3379 ignis

139 3431 200 3477 666
221 3418 390 3496 penetrare
413 3420 519 3497 potest
543 3412 639 3479 facile
664 3420 759 3497 atque
785 3432 952 3495 emergere
974 3409 1017 3475 ad
1042 3415 1149 3472 ortus:

138 3533 309 3612 propterea
330 3534 440 3592 noctes
464 3528 597 3593 hiberno
621 3534 765 3612 tempore
790 3525 920 3612 longae

70 3658 114 3706 roo
137 3648 285 3726 cessant,
302 3641 377 3706 dum
400 3644 509 3708 veniat
531 3642 692 3708 radiatum
714 3643 841 3726 insigne
864 3641 928 3706 diei
943 3651 964 3704 .·

137 3762 195 3821 ant
216 3757 332 3841 etiam,
350 3757 425 3839 quia
447 3759 492 3822 sic
515 3758 647 3822 61166616
671 3756 816 3841 partibus
840 3756 916 3819 6661

13 3886 23 3957 1
136 3871 260 3936 tardius
282 3880 315 3936 ct
337 3871 430 3937 citius
453 3878 644 3939 consuerunt
665 3871 825 3937 confluere
847 3871 958 3955 ignes,

70 4125 77 4136 ⁵
141 4144 191 4192 675
210 4143 331 4194 Flumina
349 4155 478 4209 postromo
500 4145 584 4217 111119
604 4146 763 4208 Consequiae
785 4147 798 4212 11
818 4161 901 4194 rerum
922 4144 934 4212 11
961 4145 1089 4195 684616
1110 4143 1123 4213 11
1143 4146 1193 4193 690
1213 4159 1264 4193 rne-

141 4237 195 4279 tas.
217 4228 230 4300 11
251 4233 302 4281 693
322 4231 433 4296 Obliquo
456 4230 468 4300 11
490 4237 538 4282 692
559 4235 674 4282 contudit
694 4230 707 4302 11
729 4234 868 4282 1666161.

1000 4329 1065 4398 12*
