2744 4658
159 247 201 312 48
486 342 490 352 Ι
709 241 739 305 Π

161 412 246 478 aeris
267 411 344 482 haut
365 416 501 495 possunt
523 431 626 492 aeque
649 432 715 475 rem
738 431 899 494 quamque
921 415 1057 498 morari,

160 527 217 593 sed
240 525 332 591 citius
354 526 471 592 cedunt
492 525 692 608 gravioribus
713 533 925 610 exsuperata:

86 665 135 712 aas
162 649 195 707 at
217 642 427 708 eontranulli
450 641 491 705 de
514 641 602 704 nulla
624 647 714 724 parte
738 661 843 724 neque
869 643 934 706 ullo

159 764 301 841 tempore
324 757 419 821 inane
442 760 548 840 potest
570 775 707 820 vacnum
730 757 905 822 subsistere
928 756 995 832 rei,

161 871 257 963 quin,⁴
281 891 341 936 sua
363 871 450 954 quod
473 881 587 938 natura
610 874 707 959 petit,
731 871 907 938 concedere
928 877 1062 956 pergat:

159 987 267 1052 omnia
291 997 506 1073 quapropter
529 989 646 1055 debent
667 1008 726 1074 per
748 988 844 1053 inane
867 987 1008 1069 quietum

161 1100 263 1183 aeq'ue
284 1103 480 1187 ponderibus
503 1125 567 1169 non
591 1105 703 1186 aequis
726 1102 851 1168 concita
873 1101 969 1167 ferri.

85 1239 135 1286 aro
160 1216 248 1282 haud
270 1219 366 1303 igitur
388 1224 537 1304 poterunt
558 1219 730 1285 levioribus
754 1218 894 1283 incidere
916 1237 1069 1299 umquam

159 1354 198 1398 ex
221 1352 344 1415 supero¹
359 1335 531 1417 graviora,
554 1355 660 1417 neque
683 1336 765 1400 ictus
786 1334 918 1418 gignere
940 1351 999 1416 per
1022 1352 1077 1409 se,

160 1449 213 1529 qui
235 1447 361 1512 varient
382 1456 506 1532 motus,
530 1471 587 1533 per
609 1471 689 1531 quos
711 1457 828 1512 natura
850 1455 941 1531 gerat
963 1467 1035 1513 res.

161 1581 261 1644 quare
284 1563 381 1628 etiam
400 1569 497 1646 atque
521 1564 617 1628 etiam
639 1563 772 1647 paulurn
794 1561 949 1626 inclinare
969 1566 1131 1626 necessest

160 1697 317 1762 corpora;
340 1697 400 1742 neo
421 1678 494 1762 plus
517 1698 614 1760 quarn
636 1677 819 1754 minimum,
842 1694 883 1739 ne
906 1673 1029 1756 fingere
1051 1682 1156 1741 motus

85 1813 135 1859 146
161 1794 308 1874 obliquos
330 1793 495 1858 videamur
518 1800 549 1857 et
570 1792 604 1856 id
626 1813 677 1857 res
700 1810 777 1856 vera
798 1788 932 1855 refutet.

161 1928 299 1988 namquo
322 1907 383 1972 hoo
406 1907 437 1972 in
460 1914 608 1991 promptu
631 1906 896 1986 manifestumque
920 1925 992 1971 esse
1014 1904 1181 1991 videmus,

160 2021 325 2107 pondera,
349 2030 502 2103 quantum
524 2023 555 2085 in
579 2042 614 2087 se
636 2028 704 2099 est,
728 2042 792 2085 nou
814 2040 911 2104 posse
934 2021 1066 2102 obliqua
1087 2040 1219 2100 meare,

160 2157 201 2203 ex
224 2157 339 2221 supero
363 2157 434 2200 cum
456 2136 689 2220 praecipitant,
714 2135 799 2217 quod
822 2154 954 2200 cernere
977 2137 1104 2219 possis:

161 2251 218 2317 sed
241 2251 285 2315 nil
308 2253 436 2315 omnino
460 2251 549 2314 nulla
572 2250 702 2332 regione
724 2250 789 2315 viai

84 2388 135 2434 roo
160 2365 320 2431 declinare
344 2367 415 2448 quis
437 2373 485 2431 cst
507 2366 561 2448 qui
584 2372 726 2450 praestet
747 2385 877 2430 66111616
900 2365 999 2430 sese?

202 2482 350 2562 Denique
373 2481 399 2545 si
423 2501 549 2566 semper
571 2492 676 2546 motus
698 2482 872 2548 conectitur
893 2482 996 2546 omnis

159 2602 191 2661 et
213 2604 318 2662 vetere
342 2603 454 2661 exacto
477 2597 615 2661 exoritur
638 2617 738 2661 novus
762 2595 872 2662 ordine
896 2604 1001 2679 66116,

159 2731 218 2775 1166
240 2709 431 2775 declinando
454 2710 575 2776 faciunt
597 2712 772 2795 primordia
794 2719 898 2777 motus

159 2826 349 2909 principium
372 2825 557 2908 quoddam,
581 2825 667 2906 quod
690 2826 748 2890 fati
769 2826 904 2892 foedera
926 2833 1071 2910 rumpat,

84 2960 134 3007 aas
161 2961 200 3006 ex
223 2941 344 3005 infinito
368 2959 408 3005 ue
430 2960 563 3005 eausam
586 2960 686 3005 causa
708 2947 881 3024 sequatur,

158 3056 258 3120 libera
279 3075 337 3139 per
359 3061 463 3119 terras
485 3054 571 3119 unde
595 3055 674 3120 haee
696 3055 914 3120 animantibus
938 3063 1063 3132 exstat,

159 3170 245 3234 unde
269 3176 317 3234 est
338 3170 439 3246 11666,
463 3170 614 3254 inquam,
638 3169 715 3234 fatis
738 3169 851 3234 avolsa
873 3177 1039 3254 potestas,
1104 3166 1107 3172 ’

159 3303 217 3368 per·
240 3304 337 3365 quarn
359 3284 581 3367 progredimur
604 3306 666 3366 quo
691 3285 775 3349 ducit
797 3306 955 3368 quemque
978 3288 1148 3370 voluntas,

62 3458 70 3470 ,
157 3398 355 3465 declinamus
377 3400 452 3464 item
474 3406 578 3463 motus
601 3418 661 3463 nec
683 3405 826 3484 tompore
849 3408 935 3466 certo

84 3533 134 3580 aoo
160 3533 218 3579 neo
241 3514 371 3596 regione
394 3513 456 3578 loci
480 3520 588 3597 66116,
612 3514 669 3580 sed
693 3515 746 3578 ubi
769 3517 841 3600 ipsa
862 3516 933 3579 tulit
955 3518 1073 3581 mens?

160 3650 235 3693 nam
258 3629 354 3693 dubio
376 3630 488 3713 procul
510 3631 559 3695 his
582 3632 677 3696 rebus
700 3652 760 3697 sua
784 3632 898 3712 cuique
918 3632 1067 3696 voluntas

159 3744 348 3828 principium
371 3746 446 3824 dat,
470 3751 501 3810 ct
523 3745 596 3811 hino
620 3753 723 3811 motus
745 3764 804 3829 per
827 3746 968 3810 membra
991 3747 1154 3829 rigantur.

159 3928 359 3936 ψ.-

163 4051 212 4097 233
231 4047 345 4097 Hscraut
368 4041 381 4114 ΙΙ
407 4048 458 4095 234
476 4057 640 4110 exsuperate.
670 4045 684 4114 ΙΙ
714 4051 765 4097 240
783 4057 920 4113 potuerunt
948 4045 961 4115 Η
991 4051 1040 4097 141
1059 4064 1086 4098 se
1104 4050 1245 4100 omissum.
1267 4053 1281 4119 Η

162 4139 211 4184 219
231 4137 301 4184 nulla
320 4136 459 4185 611ιὶ161116.
480 4131 494 4199 ΙΙ
520 4137 570 4183 250
590 4135 669 4198 possit
688 4133 701 4202 ΙΙ
723 4140 770 4185 251
791 4146 862 4185 motu
887 4133 902 4203 ΙΙ
927 4138 977 4185 ’252
997 4146 1087 4186 exacto
1107 4139 1247 4187 omissum.
1268 4137 1282 4207 ΙΙ
1318 4176 1320 4180 ⁴

161 4227 209 4273 257
231 4224 362 4286 voluptas.
