2744 4658
56 293 70 316 ⁴
174 226 234 291 192
717 218 745 280 v

170 398 201 457 et
225 410 293 455 curn
317 389 433 454 deserti
457 388 637 452 baubantur
658 388 691 452 in
713 388 867 463 aedibus,
885 393 941 452 aut
962 409 1033 453 curn

169 504 325 590 plorantis
347 503 473 587 tugiunt
495 504 663 568 summisso
687 522 821 588 corpore
843 505 980 588 plagas.

169 621 307 703 denique
329 639 395 684 non
416 617 555 683 hinnitus
577 619 653 683 item
677 617 804 683 differre
827 618 973 696 videtur,

167 735 249 800 inter
272 755 373 816 equas
396 733 450 797 ubi
472 752 573 815 equus
595 731 719 798 florenti
743 738 846 799 aetate
871 734 1024 798 iuvencus

85 870 151 917 roro
168 849 324 934 pinnigeri
346 847 450 914 saevit
472 847 652 912 calcaribus
676 847 757 912 ictus
780 847 920 931 amoris,

170 970 200 1029 et
226 963 384 1030 fremitum
408 963 524 1046 patulis
547 963 600 1027 ubi
624 962 754 1028 naribus
778 962 845 1027 edit
875 962 918 1027 ad
940 982 1050 1045 arma,

169 1088 294 1145 etcum
318 1079 365 1144 sic
387 1078 470 1142 alias
493 1078 655 1143 concussis
679 1078 800 1143 artibus
823 1078 953 1143 hinnit?

168 1200 328 1279 postremo
352 1213 453 1275 genus
476 1193 608 1256 alituum
629 1193 803 1276 variaeque
825 1195 991 1275 volucres,

169 1308 337 1391 accipitres
360 1313 456 1390 atque
479 1307 660 1392 ossifragae
683 1308 851 1390 mergique
873 1306 1006 1371 marinis

87 1445 153 1491 1oao
169 1424 316 1488 fluctibus
338 1424 370 1487 in
394 1423 480 1488 salso
503 1424 619 1515 victum
640 1423 805 1505 vitamque
828 1427 995 1506 petentes,

170 1540 267 1619 longe
290 1537 372 1602 alias
393 1538 458 1602 alio
482 1537 602 1602 iaciunt
624 1539 656 1601 in
679 1546 825 1622 tempore
848 1557 965 1619 00000,

171 1659 201 1720 01
224 1674 319 1735 quom
342 1654 381 1717 de
405 1652 488 1717 victu
511 1657 634 1717 certant
655 1651 862 1736 praedaeque
884 1657 1087 1737 repugnant:

170 1776 202 1834 et
223 1767 337 1851 partim
360 1773 481 1831 mutant
504 1787 574 1832 curn
596 1767 838 1851 tempestatibus
860 1787 926 1831 una

170 1883 357 1948 raucisonos
380 1888 508 1975 cantus,
526 1881 689 1947 cornicum
711 1888 746 1944 ut
768 1883 877 1948 saecla
899 1889 1024 1948 vetusta

90 2019 155 2066 rosa
172 1981 400 2078 corvorumque
422 2016 537 2080 greges
560 1997 614 2061 ubi
637 2017 755 2078 aquam
778 1997 925 2062 dicuntur
948 2001 979 2060 et
1002 1996 1113 2062 imbris

173 2131 306 2198 poscere
330 2117 361 2176 et
382 2111 464 2174 inter
487 2111 563 2174 dum
585 2117 697 2175 ventos
719 2131 878 2194 aurasque
901 2130 1038 2177 vocare.

160 2219 249 2308 ergo
273 2227 299 2291 si
322 2225 402 2288 varii
425 2243 540 2289 sensus
564 2225 716 2289 animalia
740 2232 875 2310 cogunt,

172 2348 259 2406 muta
281 2346 389 2404 tamen
413 2359 483 2435 curn
506 2339 589 2416 sint,
606 2340 712 2406 varias
736 2341 880 2407 emittere
903 2361 1018 2426 voces,

173 2461 292 2538 quanto
315 2453 459 2518 mortalis
481 2456 587 2535 magis
610 2462 752 2523 aecumst
774 2463 841 2520 tum
862 2458 1005 2541 potuisse

90 2592 156 2639 1ooo
174 2569 337 2635 dissimilis
360 2568 425 2632 alia
448 2575 541 2651 atque
564 2571 629 2635 alia
651 2591 702 2637 ros
724 2591 803 2637 voce
824 2573 956 2651 notare!

214 2684 311 2772 [Illud
334 2685 366 2749 in
389 2684 438 2749 his
458 2686 553 2751 rebus
575 2687 690 2751 tacitus
713 2687 857 2753 neforto
880 2687 1049 2771 requiras,

120 2884 123 2888 ι
174 2800 294 2864 fulmen
317 2800 428 2864 detulit
450 2800 483 2863 in
505 2806 621 2864 terram
643 2803 832 2867 mortalibus
854 2805 962 2884 ignem

172 2915 337 2999 primitus,
353 2915 427 2979 inde
451 2915 553 2979 omnis
575 2913 773 2978 flammarum
795 2915 912 2980 diditur
935 2917 1049 2980 ardor:

175 3031 274 3093 multa
297 3028 441 3093 videmus
464 3028 548 3092 enim
572 3029 763 3095 caelestibus
786 3031 878 3095 inlita
899 3030 1035 3095 flammis

91 3166 157 3212 roos
174 3144 320 3226 fulgere,
337 3164 406 3207 cum
428 3142 509 3208 caeli
530 3141 665 3208 donarit
686 3145 784 3228 plaga
806 3165 947 3230 vapore.

176 3265 207 3323 et
228 3278 356 3323 ramosa
379 3265 486 3348 tamen
510 3277 580 3323 cum
604 3259 706 3324 ventis
728 3261 821 3343 pulsa
844 3261 1002 3326 vacillans

174 3378 300 3438 aestuat
321 3373 353 3435 in
379 3392 486 3437 ramos
508 3373 694 3439 incumbens
717 3375 840 3440 arboris
863 3378 978 3459 arbor,

176 3487 362 3572 exprimitur
383 3487 500 3552 validis
523 3488 655 3552 extritus
679 3490 798 3555 viribus
821 3492 905 3572 ignis

175 3610 207 3668 et
228 3603 323 3666 micat
344 3603 427 3666 inter
449 3602 521 3666 dum
544 3602 687 3668 flammai
708 3604 851 3671 fervidus
874 3606 989 3683 ardor,

93 3738 159 3784 rroo
175 3724 283 3781 mutua
306 3716 380 3781 dum
402 3718 483 3783 inter
506 3737 541 3783 se
564 3719 641 3782 rami
664 3720 845 3803 stirpesque
868 3727 1030 3787 teruntur.

175 3903 375 3910 ὴ..--

181 4022 245 4069 1071
260 4022 399 4072 desertibus
411 4022 536 4070 aubantur
550 4017 564 4088 Η
583 4023 648 4069 1079
663 4023 791 4072 Plorantis
811 4021 824 4091 ll
847 4025 912 4072 1070
926 4024 972 4072 sub
987 4020 1000 4090 ll
1018 4024 1084 4072 1089
1097 4024 1270 4086 praedataque
1284 4022 1298 4091 11

183 4111 287 4158 108401
306 4107 319 4177 Η
342 4110 408 4157 1085
428 4108 513 4170 gregis
533 4109 544 4175 [l
568 4112 632 4158 1087
652 4110 729 4160 variis
749 4107 763 4178 Η
786 4112 851 4159 1088
866 4112 950 4160 Multa
969 4113 981 4177 jl
1004 4114 1071 4160 1090
1090 4127 1117 4161 re
1137 4109 1150 4180 ll
1174 4113 1298 4162 109410-

178 4198 227 4245 0110
248 4195 260 4265 ll
284 4199 349 4247 1095
369 4197 486 4259 vaporis.
508 4193 522 4263 Η
544 4199 608 4244 1090
628 4198 663 4246 Ut
683 4196 696 4266 ll
719 4200 784 4247 1097
804 4200 901 4247 Aestus
920 4197 934 4264 Η
955 4199 1052 4247 ardoris
1072 4196 1085 4267 Η
1113 4202 1180 4248 1099
1199 4200 1300 4249 Emicat
