2744 4658
706 237 734 300 V

153 403 291 490 proinde
313 411 426 488 putare
448 405 587 488 aliquem
610 413 677 470 tum
701 408 830 469 nornina
854 406 1054 471 distribuisse

154 519 272 604 rebus,
289 525 322 585 et
342 521 416 586 indo
439 521 584 586 homines
608 520 758 588 didicisse
782 522 942 587 vocabula
963 522 1086 604 pnma,

154 635 352 718 desiperest.
369 656 442 700 narn
466 657 520 700 cnr
541 635 593 700 hic
615 644 723 718 posset
746 644 860 702 cuncta
883 627 995 701 nota're

155 749 287 814 vocibus
309 756 339 815 01
360 752 468 818 varios
491 755 614 819 sonitus
637 755 777 818 emittere
800 752 953 835 linguae,

71 865 512 947 1045100001000110100111
535 868 642 934 facere
665 868 697 932 id
720 890 783 932 non
807 867 914 948 quisse
937 865 1116 950 putentur?

153 986 321 1065 praeterea
344 980 457 1047 01000
481 984 538 1047 alii
561 1004 688 1066 quoqne
708 982 840 1047 vocibus
862 981 910 1045 usi

156 1096 239 1159 inter
262 1113 297 1159 se
320 1094 464 1182 fuerant,
480 1096 566 1162 unde
589 1098 686 1164 insita
708 1097 836 1162 notities
860 1100 908 1160 est

104 1197 119 1224 ⁸
154 1209 300 1274 utilitatis
323 1216 354 1274 et
375 1210 461 1276 unde
484 1213 559 1278 data
582 1218 630 1278 est
654 1213 725 1277 buic
746 1211 849 1296 prima
871 1214 1033 1292 potestas,
1128 1216 1131 1223 '

155 1324 235 1409 quid
257 1325 374 1400 vellet,
390 1325 500 1392 facere
514 1335 558 1391 'ut
579 1328 697 1392 scirent
719 1311 892 1406 animoque
911 1322 1086 1388 viderent?

72 1461 138 1509 1050
154 1458 271 1522 cogere
293 1440 368 1504 item
390 1442 490 1525 pluris
512 1463 594 1508 unus
615 1444 781 1524 victosque
805 1440 937 1525 domare

155 1575 219 1619 non
242 1561 389 1640 poterat,
407 1576 510 1621 rerum
535 1566 569 1621 ut
590 1558 773 1643 perdiscere
795 1555 926 1621 nomina
948 1553 1086 1618 vellent.

156 1688 216 1734 nec
239 1669 364 1735 ratione
386 1671 502 1737 docere
525 1673 592 1737 ulla
615 1672 816 1753 suadereque
839 1669 963 1743 surdis,

157 1783 234 1865 quid
255 1783 297 1849 sit
320 1805 400 1869 opus
422 1785 526 1869 facto,
545 1786 691 1851 facilest:
708 1807 812 1867 neque
835 1786 920 1850 enim
943 1790 1146 1868 paterentur.

159 1899 360 1964 uectatione
382 1901 447 1964 ulla
469 1900 530 1965 sibi
553 1900 672 1964 ferrent
693 1900 832 1984 amplius
854 1899 941 1963 auris
1145 1875 1149 1882 ¹

78 2031 146 2078 1055
162 2010 249 2077 vocis
268 2013 430 2079 inauditos
452 2017 574 2081 sonitus
598 2015 773 2081 obtundere
796 2014 932 2078 frustra.

155 2133 316 2211 postremo
339 2130 416 2211 quid
439 2132 471 2195 in
494 2132 554 2195 bac
577 2132 722 2196 mirabile
744 2134 944 2220 tantoperest
967 2147 1022 2202 re,

155 2241 184 2307 si
206 2261 308 2324 genus
331 2243 524 2321 humanum,
542 2246 592 2311 cui
608 2252 679 2312 ‘vox
702 2255 733 2311 et
754 2247 864 2327 lingua
887 2244 1028 2328 vigeret,

152 2377 214 2442 pro
237 2359 327 2423 vario
350 2379 447 2425 sensu
469 2361 559 2424 varia
581 2379 632 2425 res
655 2381 732 2425 voce
756 2362 909 2426 notaret?
1010 2424 1020 2446 ‚

153 2491 227 2536 cnm
249 2473 390 2557 pecudes
412 2473 540 2558 mutae,
560 2495 631 2539 cum
654 2475 792 2555 denique
815 2475 921 2538 saecla
944 2473 1083 2538 terarum
1170 2495 1179 2513 1

74 2606 138 2654 1060
156 2587 321 2654 1110011011ἰο
344 2590 469 2655 soleant
491 2589 779 2670 necessariasque
803 2571 905 2670 ciere,

154 2721 226 2766 cum
248 2710 352 2769 metus
376 2710 430 2769 aut
453 2704 545 2768 dolor·
567 2709 615 2768 001
637 2710 669 2769 01
691 2724 760 2767 0001
784 2703 849 2766 iam
872 2701 991 2783 gaudia
1014 2700 1171 2781 gliscunt.

155 2817 273 2902 quippe
297 2819 412 2883 etenim
437 2819 510 2884 licet
531 2819 564 2883 id
587 2821 681 2886 rebus
706 2837 901 2899 cognoscere
924 2817 1079 2900 apertis.-

153 2931 285 2996 inritata
307 2953 422 2998 canum
446 2953 515 2998 oum
539 2935 672 3016 primum
696 2935 827 2997 inmane
850 2931 1025 2995 Molossum

152 3046 265 3111 mollia
288 3048 368 3112 ricta
391 3048 530 3112 fremunt
552 3047 649 3113 duros
673 3050 829 3111 nudantia
852 3048 987 3119 dentes,

71 3180 137 3228 1066
155 3160 253 3243 longe
275 3163 339 3226 alio
362 3164 468 3226 sonitu
492 3162 583 3230 rabie
605 3162 750 3227 restricta
773 3136 952 3244 minantur,

155 3283 279 3340 etcum
303 3277 367 3341 iarn
390 3278 510 3341 latrant
533 3285 563 3340 et
585 3277 716 3340 vocibus
739 3275 848 3339 omnia
871 3275 1052 3357 complent:

153 3395 185 3456 01
208 3392 332 3456 catulos
355 3392 475 3457 blande
498 3411 568 3456 curn
591 3392 703 3474 lingua
725 3391 865 3455 lambere
888 3394 1063 3474 temptant,

154 3511 208 3568 aut
230 3505 284 3569 ubi
307 3526 363 3571 eos
387 3507 507 3571 iactant
529 3507 666 3591 pedibus
688 3526 859 3587 morsuque
882 3511 1026 3591 petentes

153 3621 318 3704 suspensis
340 3627 468 3685 teneros
491 3622 675 3685 minitantur
698 3621 846 3685 dentibus
870 3622 1022 3699 haustus,

67 3756 137 3804 roro
155 3736 252 3818 longe
274 3735 338 3800 alio
362 3741 457 3820 pacto
480 3736 612 3817 gannitu
635 3736 722 3800 vocis
745 3736 899 3812 adulant,

158 3946 226 3993 1048
245 3944 348 3993 Utilitas
368 3941 381 4012 ΙΙ
404 3946 470 3993 1049
489 3944 565 3993 001101
586 3942 598 4012 ΙΙ
619 3945 730 3993 videret.
752 3941 765 4009 ΙΙ
794 3946 858 3992 1002
878 3943 982 3991 surdes.
1003 3938 1016 4008 Η
1043 3943 1109 3989 1003
1129 3940 1242 3989 10011001
1263 3935 1278 4005 Η

158 4032 226 4080 loon
245 4032 332 4080 sonitu
349 4031 501 4080 subtundere
527 4029 541 4096 ΙΙ
572 4032 638 4079 1058
662 4031 744 4079 varias
763 4046 801 4079 res
831 4028 844 4098 Η
876 4032 941 4078 1000
967 4029 992 4077 10
1021 4025 1035 4096 ΙΙ
1068 4031 1132 4078 1063
1151 4042 1245 4089 magna
1264 4025 1278 4095 Η

159 4121 227 4168 1064
245 4128 362 4182 premunt
383 4115 395 4185 Η
418 4121 484 4167 1065
504 4118 556 4167 alis
575 4117 589 4184 Η
609 4119 697 4166 stricta
716 4118 841 4166 intuatur.
862 4115 876 4185 tt
899 4119 962 4165 1060
978 4119 1013 4166 At
1034 4113 1048 4182 11
1069 4115 1244 4163 loculentam
1265 4111 1278 4183 ΙΙ

157 4213 290 4270 potentes.
311 4201 325 4272 Η
347 4207 412 4253 1069
433 4205 564 4252 imitantur
