2744 4658
719 242 734 306 I

159 420 225 477 tum
248 415 371 496 glacies
395 415 478 479 aeris
499 414 630 479 flamma
653 414 778 479 devicta
800 411 969 494 liquescit,

159 535 329 612 permanat
351 529 441 595 calor
463 517 631 611 argentum
651 529 881 612 penetraleque
904 526 1026 608 frigus,

81 663 133 710 405
160 642 291 725 quando
314 649 482 727 utrumque
503 664 602 707 manu
624 643 798 708 retinentes
819 642 938 727 poeula
960 641 1019 706 rite

159 758 318 824 sensimus
343 759 449 825 infuso
472 759 676 844 lympharum
698 780 770 824 rore
793 777 951 844 superne.

158 873 367 955 usqueadeo
390 875 422 938 in
445 875 541 940 rebus
564 874 660 939 solidi
683 876 728 938 nil
752 893 823 939 esse
845 873 990 939 videtur.

157 989 215 1054 sed
239 988 314 1069 quia
336 1009 412 1053 vera
434 995 543 1054 lamen
565 990 647 1054 ratio
671 997 850 1071 naturaque
875 1010 978 1055 rerum

160 1103 266 1187 cogit,
289 1104 389 1187 ades,
413 1104 526 1187 paucis
549 1106 624 1169 dum
646 1106 790 1170 versibus
814 1104 1025 1188 expediamus

82 1239 133 1286 500
158 1239 230 1285 0000
253 1238 292 1283 00
315 1239 399 1300 quae
422 1219 524 1284 solido
548 1225 644 1301 01000
667 1225 800 1285 aeterno
825 1239 959 1303 corpore
982 1224 1146 1291 constent,

159 1333 282 1398 semina
306 1353 388 1414 0000
410 1353 515 1398 rerum
538 1334 776 1417 primordiaque
800 1354 871 1399 esse
895 1334 1065 1420 docemus,

160 1447 245 1512 unde
269 1447 371 1512 omnis
394 1465 500 1512 rerum
522 1468 607 1511 nunc
628 1455 751 1512 constet
774 1469 896 1514 summa
920 1455 1047 1514 creata.

197 1561 357 1646 Principio
381 1563 531 1645 quoniam
554 1562 673 1646 duplex
696 1569 811 1628 natura
835 1564 970 1630 duarum

157 1674 322 1743 dissimilis
346 1697 451 1743 rerum
473 1678 570 1760 longe
594 1685 742 1744 constare
765 1686 942 1764 repertast,

81 1811 132 1857 505
158 1793 319 1876 corporis,
343 1799 440 1875 atque
461 1793 541 1876 1001,
566 1795 673 1858 resin
697 1816 760 1875 000
783 1815 929 1876 0000000
956 1802 1132 1879 geruntur,
1193 1856 1201 1868 ,

160 1924 231 1970 0000
253 1912 421 1987 utramque
444 1907 504 1972 sibi
527 1928 584 1990 per
607 1927 642 1972 se
664 1929 841 1992 puramque
865 1916 1048 1974 necessest.

156 2038 231 2083 nam
255 2039 318 2102 000
341 2040 476 2103 eumque
499 2028 591 2086 vacat
613 2023 776 2107 spatium,
801 2024 888 2105 quod
910 2024 1008 2090 inane
1031 2045 1202 2108 vocamus,

156 2153 271 2218 corpus
294 2155 334 2200 00
356 2157 419 2200 000
444 2142 511 2202 001;
537 2158 601 2218 qua
623 2160 718 2222 porro
743 2159 878 2221 cumque
902 2146 990 2205 tenet
1013 2160 1048 2204 se

156 2268 290 2333 eorpus,
314 2270 354 2315 ea
376 2270 511 2316 vacuum
536 2272 740 2336 nequaquam
763 2261 888 2319 constat
910 2255 1026 2319 inane.

76 2382 129 2429 510
155 2369 229 2426 0001
250 2364 347 2446 igitur
369 2365 472 2430 solida
494 2387 533 2432 00
557 2368 625 2434 0100
649 2369 735 2433 inani
760 2389 895 2453 corpora
917 2369 1041 2453 prima.

155 2485 325 2560 praeterea
347 2480 496 2559 quoniam
520 2482 635 2564 genitis
658 2483 691 2547 10
715 2484 811 2547 rebus
832 2484 977 2567 inanest,

155 2593 320 2658 materiem
345 2593 461 2657 circum
485 2594 623 2659 solidam
646 2605 795 2662 constare
814 2604 1004 2663 necessest:

156 2727 216 2771 nec
238 2727 290 2772 res
313 2707 379 2772 ulla
402 2715 508 2792 potest
530 2730 605 2774 vera
628 2710 753 2775 ratione
776 2713 905 2795 probari

156 2841 291 2904 corpore
312 2823 407 2889 inane
417 2834 488 2889 'suo
511 2824 617 2889 celare
639 2830 736 2907 atque
759 2826 845 2891 intus
868 2825 1010 2901 habere,

79 2957 131 3001 oro
156 2937 182 3000 si
206 2957 289 3014 000,
313 2938 400 3019 quod
423 2939 569 3015 cohibet,
593 2939 731 3005 solidum
755 2949 902 3007 constare
926 2943 1108 3024 relinquas:

157 3051 190 3115 111
212 3072 307 3135 porro
330 3052 375 3114 nil
398 3071 469 3116 esse
492 3059 596 3136 001001
618 3054 681 3117 0101
703 3056 847 3118 materiai

159 3165 351 3241 concilium,
375 3165 460 3245 quod
483 3166 579 3232 10000
603 3167 636 3230 10
660 3167 746 3232 rebu'
771 3176 866 3249 00001
890 3170 1057 3235 cohibere.

156 3280 305 3345 materies
329 3278 445 3363 igitur,
470 3281 571 3344 0011110
596 3303 678 3362 0000
702 3304 834 3367 corpore
856 3291 1001 3359 constat,

157 3414 229 3460 esse
252 3402 383 3459 aeterna
405 3399 530 3477 001001,
555 3414 626 3458 eum
649 3403 756 3461 cetera
779 3399 1017 3464 dissoluantur.

81 3530 132 3577 500
157 3516 224 3573 tum
243 3530 341 3592 porro
366 3510 393 3574 si
416 3509 459 3572 011
484 3517 570 3573 esset
592 3509 678 3590 quod
702 3511 797 3577 inane
820 3522 967 3593 vacaret,

158 3644 252 3688 00100
274 3624 358 3690 foret
380 3624 539 3690 solidum:
563 3626 624 3689 nisi
647 3631 757 3689 contra
780 3647 914 3712 corpora
937 3637 1024 3695 certa

158 3746 284 3823 000001,
309 3760 391 3822 0000
414 3741 485 3805 1000
508 3741 703 3824 complerent
727 3761 808 3822 0000
831 3762 965 3825 cumque
988 3752 1154 3822 tenerent,

159 3874 254 3918 omne
277 3856 362 3938 quod
385 3862 454 3933 est,
478 3857 616 3940 spatium
639 3877 775 3922 vacuum
799 3865 960 3926 constaret
981 3861 1098 3926 inane.

157 3969 290 4036 alternis
313 3971 427 4055 igitur,
450 3971 482 4035 ni
506 3972 640 4053 mirum,
664 3993 781 4058 corpus
803 3972 891 4038 inani

159 4216 210 4261 501)
231 4220 327 4260 constet
348 4208 361 4279 Η
383 4216 431 4261 r'rli
452 4215 526 4263 10000
545 4226 618 4277 00001
640 4234 720 4266 uernum
741 4215 755 4288 ΙΙ
777 4221 827 4268 520
846 4229 881 4270 est
903 4217 916 4287 Η
937 4231 1055 4270 uocaret.

1037 4319 1085 4384 00*
