2744 4658
651 259 683 323 11

103 430 226 515 pabula
247 449 318 494 curn
340 429 493 512 praebet,
510 429 625 510 quibus
647 442 758 494 omnes
781 449 914 514 corpora
942 437 1078 514 pascunt

104 549 139 610 et
161 544 286 609 dulcem
310 542 430 608 ducunt
450 543 547 607 vitam
572 543 756 625 prolemque
779 552 981 629 propagant3

106 663 320 743 quapropter
342 658 453 723 merito
476 663 654 722 maternum
678 677 794 723 nomen
817 659 934 745 adepta
955 666 1022 726 est.

105 772 191 839 cedit
212 773 288 838 item
310 779 415 850 retro,
434 771 475 837 de
497 778 580 837 terra
602 771 687 853 quod
708 772 769 837 fuit
790 781 885 859 ante,

19 910 89 958 1000
106 888 142 953 in
162 895 284 965 terras,
301 893 332 952 et
354 887 438 969 quod
461 888 624 952 missumst
648 908 688 953 ex
711 889 850 955 aetheris
873 890 957 969 oris,

102 1003 137 1069 id
159 1024 285 1069 rursum
306 1003 388 1069 caeli
409 1003 555 1068 rellatum
580 1005 700 1089 templa
720 1012 905 1090 receptant.

103 1138 166 1185 nec
188 1119 234 1184 sio
255 1117 415 1183 interemit
437 1138 521 1181 mors
543 1138 617 1196 res,
633 1125 667 1182 ut
689 1120 832 1185 materiai

105 1253 242 1318 corpora
266 1231 432 1315 conficiat,
451 1231 507 1296 sed
531 1239 654 1297 coetum
679 1235 825 1318 dissupat
848 1235 940 1300 ollis:

104 1348 182 1413 inde
205 1348 277 1413 aliis
299 1345 386 1441 aliud
410 1347 630 1432 coniungitur,
647 1356 678 1413 et
700 1348 735 1413 fit
757 1355 791 1413 ut
813 1369 922 1415 omnes

19 1484 88 1533 1005
106 1483 160 1528 res
182 1462 227 1528 ita
248 1466 434 1554 convertant
455 1458 577 1527 formas
599 1469 782 1546 mutentque
805 1465 929 1530 colores

106 1583 141 1642 et
161 1576 290 1660 capiant
312 1595 424 1640 sensns
447 1581 478 1639 et
500 1582 617 1659 puncto
639 1584 782 1662 tempore
805 1579 960 1664 reddant,

105 1697 142 1756 ut
161 1709 278 1755 noscas
300 1688 420 1754 referre
442 1690 557 1756 eadem
580 1693 754 1776 primordia
776 1713 881 1758 rerum

107 1826 178 1871 cnm
202 1805 317 1886 quibus
340 1811 372 1868 et
394 1807 481 1885 quali
504 1807 648 1889 positura
672 1808 894 1872 contineantur

109 1926 141 1983 et
160 1938 241 2003 quos
262 1919 344 1983 inter
366 1939 400 1983 se
424 1919 500 1982 dent
521 1926 625 1984 motus
647 1922 890 2005 accipiantque,

22 2055 92 2104 1010
108 2053 190 2101 neve
212 2039 304 2118 putes
327 2040 460 2097 aeterna
482 2052 582 2118 penes
604 2032 744 2098 residere
766 2041 896 2118 potesse

104 2169 241 2233 corpora
265 2148 387 2232 prima,
412 2149 497 2229 quod
520 2149 552 2211 in
575 2150 695 2213 cunctis
717 2149 841 2214 fluitare
862 2149 1006 2215 videmus

28 2333 31 2337 ,
105 2264 201 2329 rebus
223 2268 254 2327 et
275 2263 356 2327 inter
378 2263 452 2325 dum
475 2263 566 2328 nasci
589 2264 757 2345 subitoque
778 2265 903 2348 perire.

147 2377 242 2465 [Quin
265 2377 361 2442 etiam
384 2376 482 2441 refert
504 2378 622 2442 nostris
644 2379 677 2442 in
700 2379 845 2444 versibus
867 2380 946 2463 ipsis

104 2512 177 2558 cum
201 2492 316 2575 quibus
339 2498 369 2555 et
392 2491 479 2575 quali
502 2492 565 2556 sint
587 2491 699 2556 ordine
722 2512 868 2574 quaeque
889 2494 1017 2559 locat-a.

17 2628 87 2675 1011
105 2607 135 2672 si
158 2627 221 2673 non
244 2608 352 2672 omnia
375 2614 468 2685 sunt,
486 2613 521 2671 at
542 2608 640 2671 multo
664 2609 806 2671 maxima
828 2627 904 2690 pars
928 2616 976 2673 est

106 2721 302 2788 consimilis:
320 2743 430 2787 verum
452 2722 598 2807 positura
620 2721 827 2806 discrepitant
852 2741 924 2786 res.

105 2835 153 2901 sie
174 2836 253 2920 ipsis
275 2836 308 2900 in
331 2837 427 2901 rebus
448 2837 523 2902 item
545 2838 608 2902 iam
632 2837 776 2902 materiai

19 2969 281 3020 1021coneursus
305 2956 408 3016 motus
430 2953 509 3016 ordo
531 2954 676 3035 positura
698 2952 818 3033 figurae

105 3085 178 3130 cnm
200 3069 438 3151 permutantur,
455 3069 567 3131 mutari
590 3086 642 3132 res
666 3086 793 3149 quoqne
816 3065 952 3132 debent.

146 3181 238 3245 Nunc
260 3180 402 3244 animum
425 3168 517 3246 ndbis
540 3180 657 3246 adhibe
679 3200 789 3245 veram
812 3179 855 3244 ad
877 3181 1052 3245 rationem.

107 3313 181 3357 nam
202 3295 260 3360 tibi
283 3301 446 3360 vementer
468 3314 552 3357 nova
576 3315 626 3359 res
648 3295 777 3359 molitur
799 3293 841 3358 ad
864 3294 951 3358 auris

21 3428 90 3475 1025
108 3407 255 3474 accidere
278 3414 309 3474 et
331 3429 414 3473 nova
437 3428 472 3474 se
495 3407 619 3491 speeies
642 3409 811 3474 ostendere
833 3428 957 3473 rerum.

107 3520 166 3585 sed
188 3543 292 3604 neque
315 3528 380 3587 tam
403 3521 507 3588 facilis
530 3543 581 3588 res
604 3523 669 3586 ulia
692 3528 760 3605 est,
778 3525 855 3604 quin
878 3523 1075 3606 caprimum

109 3634 249 3702 difficilis
272 3638 376 3720 magis
398 3636 441 3702 ad
464 3636 658 3702 credendum
682 3643 823 3714 constet,
840 3637 979 3717 itemque

112 3879 162 3926 908
186 3877 304 3941 adempta
329 3875 342 3946 Η
370 3881 436 3929 1000
459 3879 550 3928 missus
574 3875 587 3947 Η
615 3881 681 3928 1002
706 3888 734 3927 ut
756 3894 795 3928 res
820 3876 833 3946 Η
861 3880 928 3927 1004
951 3876 1085 3939 coniungit
1107 3886 1132 3926 et
1154 3877 1233 3927 efficit

112 3982 214 4017 omnes.
240 3962 254 4032 Η
281 3967 346 4015 1007
371 3981 459 4015 earum
483 3965 496 4034 Η
524 3968 588 4016 1011
613 3967 717 4016 summis
744 3964 757 4034 Η
786 3966 1020 4025 1015=1‚820.
1045 3959 1058 4031 Η
1089 3966 1154 4013 1016
1175 3963 1232 4027 Sig-

111 4054 217 4104 nificant
238 4054 326 4103 eadem
351 4054 435 4117 fruges
458 4055 560 4104 arbusta
578 4054 731 4103 animantis.
759 4049 772 4119 Η
800 4054 865 4100 1017
886 4051 936 4100 sint
960 4047 973 4119 Η
997 4067 1043 4115 par
1068 4049 1080 4117 Η
1106 4050 1234 4099 102010-

111 4141 217 4190 tervalla
234 4141 289 4190 vius
307 4156 419 4190 conexus
436 4142 549 4204 pondera
572 4143 692 4206 plagaes.
717 4136 730 4207 Η
757 4141 824 4189 1023
843 4138 1009 4187 adhibueram
1034 4135 1047 4206 Η
1075 4140 1143 4186 1024
1160 4136 1234 4185 vehe-

113 4236 208 4278 mentes
227 4227 241 4296 Η
263 4230 330 4278 1020
349 4228 478 4278 Accedere
