2744 4658
162 237 223 299 186
707 226 733 288 V

159 407 222 463 tum
246 400 371 463 demum
395 399 502 482 pueris
525 418 605 462 aevo
628 397 760 462 florente
782 398 928 461 iuventas

155 515 276 597 ’0009099
298 516 329 574 09
351 510 439 574 900119
461 513 555 577 vestit
576 514 729 594 lanugine
751 512 874 589 malas;

86 651 136 698 aco
160 649 201 693 nc
223 629 305 693 10990
328 646 368 690 ex
390 625 518 690 homine
540 634 572 691 et
593 627 736 692 veterino
760 625 882 691 semine
904 644 1059 706 equorum

161 743 289 809 confieri
313 741 428 805 credas
451 740 628 806 Centauros
649 760 745 825 posse
768 760 871 821 neque
894 759 986 816 0990,

161 864 216 922 aut
236 855 358 922 rabidis
382 854 516 920 canibus
539 857 717 921 succinctas
739 855 950 921 semimarinis

162 970 349 1056 corporibus
372 968 499 1052 Scyllas
514 1017 521 1051 ,
539 976 570 1032 et
593 977 698 1034 cetera
721 969 762 1034 de
785 988 902 1054 genere
924 969 1057 1051 borum,

161 1087 242 1149 inter
264 1105 299 1150 90
323 1106 455 1166 quorum
480 1083 643 1148 discordia
664 1084 809 1149 membra
830 1084 996 1162 videmus;

86 1222 135 1267 090
162 1219 245 1281 quae
268 1219 370 1281 neque
392 1199 563 1263 florescunt
584 1198 703 1280 pariter
726 1218 786 1263 nec
808 1200 927 1264 robora
949 1203 1077 1264 sumunt
1158 1264 1166 1278 ,

162 1315 348 1398 corporibus
371 1331 474 1393 neque
497 1311 655 1394 proiciunt
677 1320 782 1378 aetate
806 1321 955 1396 senecta,

161 1448 220 1492 nec
242 1427 337 1491 simili
360 1427 484 1490 Venere
508 1427 679 1491 ardescunt
702 1449 761 1493 nec
784 1430 925 1492 moribus
947 1428 1018 1492 unis

162 1541 374 1622 conveniunt,
392 1560 497 1620 neque
520 1548 593 1605 sunt
616 1542 728 1606 cadem
753 1541 892 1607 iucunda
914 1562 972 1626 per
994 1549 1115 1609 artus·

162 1657 280 1739 quippe
304 1656 414 1719 videre
438 1654 512 1718 licet
533 1655 744 1737 pinguescere
767 1676 864 1745 saepe
887 1657 990 1721 cicuta

86 1793 136 1838 900
161 1771 347 1854 barbigeras
369 1761 512 1853 pecudes
525 1770 668 1853 ,bomini
691 1791 774 1853 quae
797 1779 845 1836 est
866 1790 940 1836 acre
962 1790 1141 1835 venenum.

160 1886 297 1967 denique
320 1884 447 1949 flamma
470 1886 599 1966 quidem
623 1907 693 1951 curn
716 1907 851 1969 corpora
872 1886 959 1950 fulva
980 1885 1111 1975 leonum

159 2008 224 2064 tam
248 2002 351 2066 soleat
372 2008 490 2065 torrere
513 2008 608 2082 atque
630 2021 721 2066 urere
745 2020 840 2082 quarn
862 2019 965 2084 genus
988 2018 1081 2064 omne

159 2116 289 2180 visceris
312 2116 458 2180 interris
482 2116 567 2196 quod
590 2136 726 2198 cumque
749 2124 780 2181 et
803 2115 967 2197 sanguinis
990 2120 1097 2190 extet,

162 2230 215 2309 qui
238 2229 306 2293 19099
328 2230 449 2313 001091,
467 2229 583 2312 99901909
607 2250 678 2294 0090
701 2249 835 2314 0090090
857 2239 892 2294 09
914 2250 998 2314 una,

85 2364 134 2410 900
159 2345 261 2427 099090
283 2343 355 2427 leo,
371 2350 532 2425 postrema
555 2343 671 2427 draco,
688 2344 796 2409 media
817 2346 909 2430 ipsa,
927 2345 1099 2410 Chimaera

159 2478 214 2521 ore
236 2457 325 2523 foras
349 2478 454 2522 acrem
476 2458 567 2523 flaret
590 2458 630 2524 de
653 2480 786 2545 corpore
807 2460 996 2525 flammam?
1081 2525 1087 2535 ,
1120 2538 1125 2546 ,

160 2592 258 2655 quare
282 2574 379 2638 etiarn
402 2574 515 2639 tellure
539 2594 621 2638 nova
644 2576 798 2657 caeloque
816 2551 942 2640 recenti

159 2688 239 2751 talia
262 2689 316 2769 qui
338 2687 429 2773 fingit
451 2689 593 2772 potuisse
615 2691 768 2753 animalia
790 2690 899 2774 gigni,

160 2804 252 2868 nixus
274 2804 307 2867 in
330 2803 391 2869 boc
413 2824 476 2867 uno
499 2805 648 2868 00999οῖ99
670 2804 799 2867 0009900
821 2805 930 2880 90009,

86 2937 136 2984 990
160 2919 259 2981 900110
281 2919 356 2982 19009
378 2917 474 2981 simili
495 2918 618 2982 ratione
642 2918 765 2982 effutiat
787 2938 862 2994 ore,

160 3053 258 3097 aurea
280 3039 345 3096 tum
369 3032 455 3095 dicat
476 3014 534 3113 009
555 3037 658 3096 terras
680 3032 811 3096 flumina
833 3033 928 3116 vulgo

159 3147 310 3222 fluxisse,
327 3153 359 3211 et
378 3147 512 3226 gemmis
534 3146 648 3212 1109090
670 3148 803 3212 arbusta
825 3155 956 3224 909990,

158 3269 215 3326 aut
236 3260 394 3354 1909090090
417 3267 506 3325 tanto
530 3263 741 3327 membrorum
766 3281 842 3327 esse·
858 3263 976 3345 impeto
999 3270 1128 3345 natum,

159 3383 248 3439 99009
270 3376 372 3440 090990
395 3376 461 3439 0110
483 3375 602 3459 pedum
625 3376 714 3441 nisus
736 3384 771 3440 ut
792 3396 911 3458 ponere
933 3383 1043 3459 posset

84 3510 133 3556 999
159 3498 191 3554 09
213 3490 358 3555 manibus
380 3497 479 3554 totum
503 3490 619 3554 circum
643 3510 677 3555 se
699 3495 823 3555 vertere
845 3491 991 3566 0001090.

158 3625 232 3669 0009
256 3607 340 3687 quod
364 3605 464 3668 multa
486 3603 575 3668 fuere
597 3604 746 3669 interris
769 3605 893 3670 semina
914 3627 1020 3671 rerum

158 3727 301 3805 90900090
325 3742 387 3803 quo
411 3719 549 3804 primum
570 3720 665 3784 tellus
688 3720 839 3784 animalia
861 3719 965 3797 fudit,

161 4024 211 4070 888
230 4022 321 4086 puerili
342 4021 354 4088 Η
376 4022 482 4070 florenta
503 4018 515 4085 ῙΙ
536 4021 585 4069 889
605 4020 693 4070 0119099
713 4020 726 4089 Η
747 4027 797 4073 892
817 4023 912 4088 rapidis
933 4020 945 4089 Η
969 4024 1019 4071 896
1039 4023 1177 4085 0901909009
1197 4021 1210 4092 Η
1231 4027 1278 4074 901

158 4109 276 4170 Denique
295 4109 435 4160 0999999009.
457 4106 469 4175 ll
491 4109 541 4157 904
555 4122 648 4157 unam.
670 4108 682 4174 ll
704 4112 753 4162 900
773 4110 839 4160 feras
860 4107 872 4177 ll
893 4110 954 4162 flare
974 4108 986 4176 ll
1009 4109 1177 4164 elaboratae
1197 4109 1210 4183 ΙΙ
1231 4114 1279 4163 914

160 4196 271 4264 pondere
