2744 4658
149 244 208 309 116
684 239 749 303 1111

148 411 194 476 sic
216 430 277 494 ego
300 431 404 495 nunc,
422 412 571 494 quoniam
593 410 672 476 haec
694 411 776 475 ratio
799 412 984 496 plerumque
1005 400 1132 478 'ridetur

146 526 265 593 tristior
287 547 359 592 esse
383 528 498 609 quibus
521 548 584 591 non
608 532 656 591 est
677 531 830 605 tractata,
846 533 994 610 retroque

91 661 123 708 ao
149 641 263 727 volgus
285 642 436 708 abhorret
458 644 499 708 ab
521 642 603 727 hac,
619 643 705 707 volui
728 642 786 707 tibi
808 642 1045 723 suaviloquenti

148 758 288 823 carmine
309 759 415 823 Pierio
439 758 594 823 rationem
619 778 780 842 exponere
802 764 943 822 nostram

150 877 181 936 et
205 874 296 954 quasi
320 894 449 939 musaeo
473 874 560 939 dulci
582 875 765 955 contingere
788 872 904 952 melie3

148 988 176 1052 si
198 988 256 1053 tibi
278 987 360 1054 forte
382 990 521 1053 animum
543 990 599 1054 tali
621 991 745 1054 ratione
768 994 878 1052 tenere

147 1103 294 1168 versibus
316 1105 348 1168 in
371 1105 488 1171 nostris
509 1126 657 1190 possem,
674 1107 748 1170 dum
771 1105 910 1190 percipis
934 1123 1060 1167 omnem

91 1236 124 1283 aa
149 1224 294 1282 naturam
317 1240 424 1285 rerum
447 1242 484 1286 ac
506 1221 665 1305 persentis
688 1219 902 1306 utilitatem]

191 1335 293 1414 Atque
316 1336 412 1400 animi
435 1338 584 1417 quoniam
609 1337 701 1402 docui
724 1344 838 1402 natura
861 1336 938 1417 quid
962 1341 1047 1400 esset

148 1454 180 1514 et
201 1451 316 1530 quibus
339 1453 474 1515 erebus
497 1473 568 1517 cum
592 1473 724 1538 corpore
746 1458 874 1536 compta
895 1451 1018 1532 vigeret

149 1584 250 1645 quove
273 1565 367 1630 modo
392 1566 544 1631 distracta
567 1567 685 1633 rediret
706 1567 740 1630 in
764 1566 856 1630 ordia
877 1566 1000 1649 prima,

149 1699 233 1743 nunc
254 1701 351 1765 agero
373 1682 523 1766 incipiam
546 1682 623 1764 tibi,
641 1680 727 1763 quod
750 1688 911 1746 vementer
932 1680 973 1744 ad
996 1679 1056 1742 has
1078 1699 1129 1744 res

92 1815 124 1861 ao
150 1796 279 1881 attinet,
297 1816 432 1873 qsseea
455 1818 538 1879 quae
562 1817 666 1861 rerum
688 1796 862 1861 simulacra
885 1816 1056 1877 vocamus;

150 1931 251 1996 quae,
268 1914 359 1994 quasi
382 1914 588 2005 membranae
611 1935 735 1977 summo
759 1912 800 1978 de
823 1930 956 1995 corpore
980 1930 1084 1976 rerum

150 2025 322 2116 dereptae,
339 2029 473 2095 volitant
495 2028 640 2109 ultroque
663 2029 806 2110 citroque
827 2047 885 2112 per
908 2047 1026 2103 auras,

150 2148 245 2224 atque
269 2142 383 2208 eadem
405 2144 499 2208 nobis
520 2144 725 2227 vigilantibus
748 2143 845 2208 obvia
867 2147 990 2206 mentes

148 2256 323 2322 terrificant
344 2264 441 2339 atque
462 2259 495 2321 in
518 2258 658 2337 somnis,
675 2278 746 2323 cum
769 2277 871 2341 saepe
892 2256 1012 2340 figuras

92 2393 125 2440 aa
151 2373 328 2438 contuimur
351 2374 447 2438 miras
470 2375 704 2455 simulacraque
725 2374 796 2437 luce
819 2380 1001 2447 carentum,

150 2507 232 2569 quae
255 2508 315 2553 nos
337 2487 484 2554 horrifice
506 2489 689 2569 languentis
711 2508 809 2572 saepe
832 2507 947 2572 sopore

152 2604 335 2683 excierunt;
352 2623 392 2669 ne
414 2603 495 2669 forte
518 2605 640 2670 animas
664 2604 845 2669 Acherunte
867 2623 994 2668 reamur

150 2717 290 2800 effugere
314 2725 369 2783 aut
391 2719 518 2783 umbras
540 2720 622 2784 inter
644 2720 736 2785 vivos
759 2720 915 2796 volitare,

149 2852 231 2898 neve
254 2835 375 2916 aliquid
398 2835 499 2898 nostri
521 2841 746 2919 postmortem
770 2853 866 2916 posse
889 2834 1045 2917 relinqui,

91 2968 125 3013 oo
151 2967 223 3013 cum
246 2970 361 3036 corpus
384 2950 477 3013 simui
500 2956 596 3030 atque
618 2949 715 3012 animi
739 2955 852 3013 natura
873 2955 1042 3034 perempta

152 3065 186 3167 in
207 3084 267 3128 sua
290 3065 465 3130 discessum
489 3065 636 3129 dederint
658 3065 834 3149 primordia
857 3038 1014 3147 quoique.

67 3212 140 3277 s
195 3179 275 3243 Dico
295 3179 391 3263 igitur
413 3200 556 3244 rerume
539 3179 664 3260 effigias
686 3180 855 3261 tenuisque
877 3178 997 3261 figuras

93 3293 268 3394 ‘mittier
290 3295 332 3358 ab
355 3295 469 3378 reboo,
487 3313 609 3358 summo
633 3293 674 3359 de
697 3313 830 3377 corpore
851 3314 975 3372 rerum,

93 3430 124 3476 51
152 3428 235 3489 quae
259 3411 350 3490 quasi
373 3411 579 3474 membranae
602 3409 653 3474 vel
675 3416 743 3474 cort
745 3430 785 3474 ex
730 3408 1077 3492 tnominitandast,

152 3521 237 3604 quod
259 3523 398 3607 speciem
420 3544 459 3589 ao
481 3522 617 3589 formam
640 3525 775 3589 similem
796 3523 879 3606 gerit
901 3523 970 3589 eius
992 3523 1121 3604 imago,

151 3637 241 3702 cuius
264 3657 398 3719 cumque
421 3639 505 3703 cluet
527 3638 568 3703 de
592 3659 726 3723 corpore
748 3638 822 3703 insa
843 3637 978 3719 vagari.

90 3751 185 3853 &id
206 3752 282 3818 licet
303 3752 379 3817 bino
402 3753 548 3834 quamvis
569 3753 678 3820 hebeti
702 3731 897 3836 cognoscere
919 3752 1036 3819 corde.
1061 3772 1159 3811 ,f

94 3889 127 3936 54
151 3866 308 3952 principio
332 3867 484 3949 quoniam
506 3868 632 3933 mittunt
652 3868 686 3933 in
708 3870 804 3935 rebus
827 3868 945 3954 apertis

154 4138 185 4184 21
207 4135 286 4200 plerio
306 4131 321 4203 Η
340 4137 371 4182 41
393 4148 524 4196 quaeque.
545 4130 559 4201 Η
579 4136 611 4182 42
631 4134 738 4199 effugias
757 4134 772 4205 ΙΙ
792 4137 825 4185 43
845 4136 939 4186 cortice
957 4150 1062 4185 eorum.
1083 4133 1096 4203 Η
1119 4137 1276 4186 45-482

154 4239 195 4283 111,
207 4226 337 4272 31-34.
356 4219 371 4290 ΙΙ
391 4224 616 4271 4115οπ2930.
638 4219 651 4289 ii
672 4226 703 4271 bl
724 4224 775 4285 Qui
795 4221 863 4291 1153
882 4225 947 4274 ciret
967 4219 981 4290 ΙΙ
1001 4225 1035 4272 54
1053 4224 1187 4272 mittuntur
