2744 4658
160 234 223 296 238
703 226 746 289 Vl

158 401 242 484 ignis
265 401 338 464 item
362 399 517 480 liquidum
541 399 619 464 facit
641 419 696 464 aes
720 418 896 480 aurumque
918 400 1069 483 resolvit,

161 523 195 581 at
218 516 305 580 coria
328 520 359 579 et
381 534 509 578 carnem
534 515 632 579 trahit
655 519 685 577 et
709 515 856 578 conducit
878 514 911 576 in
934 535 1051 578 unum.

160 652 250 695 umor
273 651 378 711 aquae
401 651 496 713 porro
520 629 637 694 ferrum
661 631 815 694 condurat
837 631 879 694 ab
902 629 989 713 igni,

160 755 193 810 at
215 745 302 810 coria
325 750 357 810 et
379 765 504 809 earnem
528 745 630 809 mollit
651 744 767 806 durata
789 744 917 808 calore.

86 883 136 930 oro
160 862 347 945 barbigeras
371 860 511 925 oleaster
533 879 571 924 eo
595 859 808 940 iuratusque
833 859 998 944 capellas,

160 976 272 1040 effluat
294 976 475 1040 ambrosiae
498 975 590 1056 quasi
613 993 690 1038 vere
714 982 745 1038 et
767 975 896 1038 nectari’
918 975 1052 1057 linctus3

161 1112 225 1173 qua
250 1092 293 1154 nil
316 1096 365 1155 est
387 1090 509 1153 homini
533 1090 618 1171 quod
642 1088 773 1153 amariu’
796 1089 947 1155 frondeat
970 1109 1065 1153 esea.

160 1207 297 1288 denique
321 1206 536 1270 amaracinum
562 1204 678 1288 fugitat
700 1224 755 1269 sus
779 1212 810 1268 et
832 1206 921 1269 timet
944 1224 1037 1268 omne

159 1328 355 1402 ungentum:
374 1343 449 1384 nam
472 1321 640 1404 saetigeris
663 1322 762 1385 subus
785 1340 859 1384 acre
882 1324 1089 1396 venenumst;

85 1457 135 1502 oro
162 1436 248 1517 quod
271 1459 330 1500 nos
351 1437 433 1500 inter
456 1436 530 1500 dum
554 1443 619 1500 tam
644 1457 739 1519 quam
763 1455 911 1501 recreare
933 1434 1079 1499 videtur.

161 1558 195 1614 at
217 1558 326 1615 contra
350 1551 443 1615 nobis
466 1570 599 1615 caenum
623 1553 807 1616 taeterrima
830 1573 899 1615 cum
924 1551 965 1614 sit

161 1666 347 1748 spurcities,
365 1664 479 1730 eadem
502 1665 602 1729 subus
623 1665 707 1730 haec
729 1666 869 1730 iucunda
892 1666 1037 1740 videtur,

158 1779 383 1845 insatiabiliter
405 1780 463 1844 toti
485 1788 520 1844 ut
543 1782 712 1845 volvantur
734 1781 873 1846 ibidem.

201 1896 270 1960 Hoc
291 1897 388 1960 etiam
412 1917 508 1980 super
531 1903 598 1972 est,
614 1897 686 1980 ipsa
710 1918 803 1978 quam
829 1897 935 1960 dicere
958 1896 1076 1985 (Q.

84 2032 135 2079 oso
161 2010 634 2101 adgrgrljnrz,mmd„dieonlum
657 2013 745 2096 prius
768 2033 841 2078 esse
864 2011 1007 2076 videtur.

159 2127 258 2189 multa
281 2125 441 2188 foramina
464 2147 534 2189 eum
556 2127 655 2190 variis
678 2129 741 2191 sint
763 2128 889 2191 reddita
912 2128 1027 2221 rebus,

160 2239 305 2303 dissimili
328 2240 410 2303 inter
433 2261 467 2302 se
491 2245 605 2303 natura
627 2242 773 2322 praedita
796 2242 916 2307 debent

160 2373 232 2418 esse
255 2360 286 2416 et
307 2354 425 2418 habere
448 2375 538 2419 suam
562 2362 707 2419 naturam
732 2376 880 2439 quaeque
904 2357 1057 2439 viasque.

159 2468 278 2551 quippe
300 2471 414 2533 etenim
438 2470 516 2533 varii
541 2491 655 2535 sensus
679 2472 895 2536 animantibus
917 2473 1043 2555 insunt,

84 2602 134 2649 985
161 2603 295 2664 quorum
319 2585 454 2666 quisque
478 2607 566 2650 suam
590 2587 805 2671 propriorem
829 2588 965 2672 percipit
986 2588 1018 2651 in
1042 2607 1099 2652 se:

160 2718 233 2761 nam
256 2708 426 2782 penetrare
449 2701 512 2765 alio
536 2702 658 2766 sonitus
682 2702 812 2782 alioque
836 2720 986 2785 saporem

158 2815 316 2880 cernimus
340 2835 358 2880 e
383 2817 486 2899 99919,
504 2817 568 2881 9119
592 2816 714 2880 nidoris
737 2817 873 2880 odores.

83 2947 131 2995 sor
158 2935 328 3013 praeterea
352 2951 483 2995 manare
507 2930 597 2995 aliud
621 2951 675 3013 per
700 2952 780 2995 saxa
801 2930 948 3008 videtur,

157 3050 253 3126 atque
277 3046 365 3108 aliud
389 3046 504 3127 lignis,
521 3046 607 3110 aliud
631 3046 765 3111 transire
789 3067 1001 3130 pensurum,

159 3167 358 3240 argentoque
380 3160 466 3225 foras
489 3161 577 3226 aliud
599 3163 745 3243 vitroque
767 3180 896 3226 meare:

160 3294 232 3337 nam
256 3272 355 3338 fluere
378 3274 439 3340 hae
461 3278 607 3361 speeies,
624 3277 701 3340 illac
724 3277 812 3340 calor
834 3276 882 3341 ire
905 3277 1050 3360 videtur,

84 3407 133 3454 cos
159 3395 255 3470 atque
277 3389 349 3454 aliis
372 3391 452 3455 aliut
474 3391 565 3456 eitius
588 3392 803 3456 transmittere
827 3391 961 3456 eadem.

159 3504 300 3582 scilicet,
317 3505 351 3568 id
375 3506 441 3570 fieri
465 3507 551 3588 cogit
572 3514 686 3571 natura
707 3507 830 3571 viarum

160 3618 354 3684 multimodis
376 3623 524 3698 varians,
540 3628 575 3685 ut
596 3622 692 3706 paulo
716 3623 912 3686 ostendimus
935 3626 1030 3699 ante,

84 3751 134 3799 999
159 3740 289 3818 propter
310 3735 498 3802 dissimilem
520 3743 668 3802 naturam
690 3744 843 3819 textaque
865 3755 991 3800 rerum.

545 3849 559 3873 2

156 4040 213 4086 969
238 4039 335 4088 calori.
361 4037 374 4107 Η
402 4042 449 4088 llil
476 4040 614 4089 ambrosias
639 4036 652 4108 11
678 4058 737 4091 rere
762 4051 787 4091 et
811 4051 913 4091 nectare
935 4041 1045 4090 tinctus.
1071 4037 1085 4109 Η
1115 4044 1164 4090 912
1191 4045 1289 4094 marius

161 4125 282 4175 frondeae
301 4136 402 4177 cxseet.
428 4124 441 4193 ΙΙ
467 4130 517 4176 913
540 4129 698 4177 maraeinum
724 4127 738 4197 ΙΙ
764 4133 813 4178 977
839 4130 948 4179 cirunda
974 4128 987 4196 11
1012 4128 1208 4199 98691999911
1235 4134 1287 4183 988

165 4215 315 4270 psu=uut
337 4218 403 4264 991.
425 4212 438 4289 ll
459 4218 506 4264 991
528 4197 646 4264 l'raetere
664 4233 766 4266 manere
787 4213 800 4285 Η
821 4220 870 4266 992
890 4217 958 4288 ignis
