2744 4658
143 180 221 300 'roo
349 310 356 330 κ
427 308 431 313 ,
704 224 731 287 v

158 421 231 463 nam
254 400 335 464 bene
359 397 412 478 qui
436 395 575 460 didicere
599 396 678 461 deos
701 414 846 461 securum
870 414 968 476 agere
991 413 1126 479 aevom,

158 515 185 581 si
207 519 313 579 tamen
335 513 457 576 interea
479 512 634 575 mirantur
657 531 721 592 qua
744 511 866 576 ratione

158 640 305 711 quaeque
328 626 397 710 geri
417 624 559 709 possint,
576 626 762 710 praesertim
786 626 880 690 rebus
902 625 936 689 in
959 625 1023 688 illis

101 766 133 813 85
159 765 241 827 quae
266 762 385 827 supera
408 746 504 824 eaput
526 740 678 806 aetheriis
701 747 869 805 cernuntur
892 739 925 802 in
948 739 1032 823 orie,

160 880 268 924 rursus
291 859 323 921 in
346 856 492 937 antiquas
515 856 695 921 referuntur
718 855 911 939 religiones,

160 982 192 1041 et
214 972 360 1038 dominos
384 972 465 1037 aeris
488 972 688 1054 adsciscunt,
706 973 813 1037 omnia
836 990 932 1055 posse

158 1109 239 1172 quos
261 1086 368 1152 miseri
390 1087 542 1163 eredunt,
559 1087 663 1170 ignari
687 1087 763 1168 quid
786 1092 884 1168 queat
905 1105 996 1168 esse,

158 1204 235 1286 quid
257 1208 416 1284 nequeat,
432 1202 520 1265 linita
542 1208 685 1285 potestas
708 1201 848 1284 denique
872 1201 984 1282 ouique

101 1341 133 1387 00
159 1339 224 1401 qua
247 1339 319 1381 nam
344 1317 385 1381 sit
406 1318 527 1380 ratione
551 1323 647 1397 atque
670 1317 734 1382 alte
757 1316 909 1380 terminus
932 1316 1090 1381 haerens.

198 1432 290 1511 Quod
313 1453 408 1517 super
431 1438 497 1514 est,
515 1453 554 1496 110
576 1437 607 1495 10
629 1433 662 1495 111
685 1431 850 1516 promissis
873 1430 966 1514 plura
989 1451 1167 1514 moremur,

157 1547 311 1632 principio
335 1547 436 1610 maria
458 1567 495 1610 ae
517 1553 618 1612 terras
642 1548 827 1626 caelumque
849 1552 958 1626 tuero;

158 1682 291 1744 quorum
315 1667 459 1724 naturam
483 1661 658 1745 triplicem,
675 1662 734 1726 tria
757 1678 912 1744 corpora,
930 1661 1076 1736 Memmi,

157 1776 214 1840 ms
237 1777 361 1860 speses
383 1782 447 1841 ram
472 1775 654 1861 arsamus,
671 1777 731 1840 toa
753 1777 829 1840 tarta
852 1758 959 1858 texta,

102 1911 134 1957 95
159 1912 223 1955 una
246 1890 315 1956 dies
338 1891 427 1955 dabit
450 1891 565 1970 exitio,
581 1893 761 1973 multosque
784 1912 841 1975 per
863 1910 966 1955 annos

159 2011 336 2070 sustentata
358 2014 427 2071 ruet
449 2008 549 2073 moles
573 2015 603 2071 et
624 2007 774 2072 maehina
796 2006 926 2069 mundi.

158 2140 217 2183 noo
239 2141 288 2184 1110
311 2121 407 2185 animi
430 2121 511 2185 fallit
533 2141 628 2202 quam
652 2141 704 2186 res
726 2141 809 2186 nova
832 2120 975 2201 miraque
999 2117 1093 2183 ment‘

157 2233 284 2298 aooidat
305 2235 434 2298 exitium
458 2235 539 2299 oaeli
561 2241 728 2317 terraeque
750 2234 909 2310 futurum,

158 2354 189 2411 et
212 2368 306 2428 quam
330 2347 459 2412 difficile
482 2348 515 2411 id
538 2349 614 2413 milri
638 2350 678 2414 sit
701 2351 883 2433 pervincere
907 2348 1021 2427 diotis;

85 2483 134 2528 100
159 2468 192 2525 111
215 2463 248 2526 fit
271 2464 325 2527 ubi
346 2464 507 2528 insolitam
532 2485 598 2528 rom
620 2465 772 2549 adportes
795 2465 926 2528 auribus
949 2468 1043 2545 ante,

160 2597 218 2642 neo
240 2583 347 2644 tamen
370 2579 453 2643 hano
475 2580 583 2664 possis·
603 2581 766 2644 oculorum
790 2579 927 2644 subdere
948 2578 1019 2642 visu

160 2711 221 2756 neo
242 2692 349 2758 iaoere
372 2694 450 2758 indu
472 2716 584 2760 manus
598 2747 605 2772 ,
621 2696 674 2760 via
696 2714 760 2776 qua
782 2694 904 2758 munita
926 2692 1000 2757 fidei
1081 2744 1088 2756 .

157 2806 302 2889 proxima
323 2805 386 2871 fert
408 2809 578 2873 humanum
601 2811 635 2874 in
658 2816 768 2893 peetus
790 2807 973 2892 templaque
996 2807 1130 2872 mentis.

158 2921 215 2985 sod
237 2928 345 2986 tamon
369 2924 508 2988 effabor.
525 2923 618 2987 dietis
640 2923 730 2989 dabit
752 2925 823 3009 ipsa
845 2902 1035 3006 idaturos,

85 3055 133 3102 100
158 3034 359 3111 forsitan,et
380 3039 520 3120 graviter·
544 3045 698 3104 terrarum
722 3037 859 3103 motibus
882 3038 958 3102 ortis
997 3066 1002 3077 ·

159 3151 265 3215 omnia
288 3155 497 3233 conquassari
520 3154 552 3218 in
574 3175 675 3238 parvo
699 3160 993 3252 temporepoernes.

160 3265 244 3346 quod
267 3267 378 3349 prooul
402 3288 421 3331 a
444 3268 535 3332 nobis
557 3268 664 3332 fleotat
685 3267 813 3332 fortuna
835 3269 1038 3350 gubernans,

157 3380 290 3444 stratio
314 3381 418 3462 potius
441 3402 535 3463 quam
558 3402 610 3447 res
631 3384 826 3467 persuadeat
847 3383 918 3466 ipsa

156 3493 320 3559 0000111010
344 3494 512 3561 horrisono
535 3517 631 3581 posse
654 3498 761 3562 omnia
783 3499 866 3563 vieta
889 3498 1039 3580 fragore.

84 3629 132 3674 110
201 3607 292 3695 [Qua
314 3612 402 3692 prius
424 3610 595 3695 adgrediar
619 3632 714 3693 quarn
738 3612 778 3677 de
801 3632 835 3678 re
857 3612 992 3677 fundere
1015 3611 1084 3678 fata

157 3724 296 3788 sanetius
320 3731 352 3788 et
373 3727 471 3791 multo
495 3732 580 3791 certa
603 3727 724 3791 ratione
747 3728 850 3810 magis
873 3748 972 3808 quam

59 3858 64 3868 ·
155 3838 271 3922 Pythia
294 3859 376 3920 quae
399 3841 524 3925 tripode
547 3862 566 3906 a
587 3840 709 3906 Phoebi
732 3843 886 3923 lauroque
911 3842 1074 3927 profatur,

155 3953 255 4017 multa
276 3954 333 4018 tibi
357 3955 524 4039 expediam
548 3955 649 4022 doctis
670 3956 794 4022 solaria
817 3957 930 4039 diotisj

160 4198 192 4246 85
212 4198 320 4248 aetheris
339 4196 353 4267 ll
376 4201 424 4248 100
443 4198 574 4248 insolitum
