2744 4658
155 221 217 285 208
695 212 740 276 VI

155 387 316 470 suscipere
338 385 420 449 haee
443 385 540 448 animi
563 384 737 468 tranquilla
759 403 841 468 paoe
866 382 1010 449 valebis.

154 503 229 568 inde
251 500 360 566 videre
382 500 457 565 linet
480 498 584 579 qualis
607 497 671 561 ianr
693 500 760 564 vita
783 505 956 583 sequatur.

98 640 130 687 ao
156 639 250 701 quam
275 617 403 698 quidem
426 623 460 680 ut
481 634 502 678 a
523 613 617 679 nobis
640 615 722 679 ratio
745 615 913 680 verissima
936 615 1032 698 longe

154 733 284 816 reiciat,
303 751 494 813 quamquam
517 737 591 795 sunt
613 751 633 794 a
654 750 706 796 nie
728 731 828 794 nruita
849 728 1015 815 profecta,

156 850 255 912 multa
277 854 383 912 tamen
405 851 526 911 restant
549 852 580 909 et
602 852 675 910 sunt
697 845 844 911 ornanda
866 846 973 929 politis

155 965 321 1028 versibus:
340 969 389 1028 est
410 962 492 1027 ratio
516 959 660 1055 fulgendi
683 962 794 1043 visque
817 960 971 1057 1991111111,

157 1084 229 1145 sunt
252 1084 457 1162 tempestates
481 1082 513 1142 et
536 1076 670 1142 fulmina
690 1078 779 1142 olara
801 1052 968 1153 canenda,

99 1216 132 1263 ao
159 1194 258 1282 [quid
281 1194 402 1260 faciant
424 1201 454 1258 et
477 1213 541 1274 qua
565 1193 603 1259 de
628 1214 725 1258 oausa
749 1212 883 1274 eumque
906 1192 1071 1272 ferantur3

156 1332 196 1375 ne
219 1311 359 1395 trepides
381 1311 466 1376 oaeii
489 1309 600 1374 divisis
623 1309 767 1394 partibus
790 1329 921 1392 amens,

156 1426 240 1490 unde
263 1427 377 1491 volans
400 1426 483 1508 ignis
507 1427 689 1510 pervenerit
711 1432 764 1488 aut
786 1425 818 1489 in
842 1431 946 1489 utram
969 1444 1005 1489 se

156 1541 287 1605 verterit
311 1541 383 1605 hino
405 1539 541 1626 partim,
559 1562 622 1622 qno
644 1546 738 1624 paeto
762 1559 819 1623 per
841 1541 912 1604 ioca
935 1547 1027 1622 septa

156 1657 343 1734 insinuarit,
359 1665 390 1721 et
413 1657 485 1720 hino
508 1657 690 1720 dominatus
713 1662 748 1719 ut
770 1656 917 1720 extulerit
940 1654 1017 1741 so]

99 1793 131 1838 eo
157 1792 291 1855 qnorum
314 1793 445 1854 operum
470 1793 584 1836 causas
608 1771 697 1835 nulla
719 1771 843 1836 ratione
866 1770 974 1835 videre

158 1892 292 1970 possunt
315 1907 353 1952 an
376 1887 443 1952 fieri
468 1887 575 1951 divino
598 1888 729 1952 numine
752 1894 880 1953 rentur.

157 2007 199 2097 tu·
213 2002 289 2066 mihi
314 2023 480 2086 supremae
504 2003 702 2086 praesoribta
725 2002 768 2067 ad
792 2002 931 2068 eandida
954 2001 1071 2066 ealeis'

156 2119 293 2182 currenti
317 2118 455 2203 spatium
477 2123 718 2202 praemonstra,
737 2118 855 2182 callida
878 2138 969 2182 musa

158 2233 324 2316 Calliope,
342 2234 468 2315 requies
491 2232 653 2297 hominum
678 2233 849 2314 divomque
872 2234 1041 2317 voluptas,

100 2367 131 2414 on
156 2352 188 2412 te
211 2346 291 2413 duee
314 2354 349 2412 ut
370 2349 488 2430 insigni
512 2348 637 2433 capiam
661 2368 732 2413 oum
754 2349 849 2413 laude
873 2369 1044 2413 eoronam.

197 2463 356 2547 Prinoipio
379 2464 497 2561 toprtpp
521 2465 703 2545 quatiuntur
727 2464 855 2529 caerula
880 2464 959 2528 oaeli

156 2585 330 2662 propterea
353 2580 428 2661 quia
452 2587 642 2644 oonourrunt
664 2579 799 2645 sublime
821 2579 969 2644 volantes

157 2693 319 2759 aetheriae
344 2695 442 2759 nubes
466 2701 577 2759 eontra
600 2694 805 2779 pugnantibu’
830 2694 953 2758 ventis.

159 2830 216 2874 nee
239 2809 272 2873 fit
295 2811 379 2875 enim
403 2810 524 2874 sonitus
548 2810 628 2874 caeli
651 2810 691 2874 de
714 2816 806 2894 parte
829 2829 963 2893 serena,

85 2944 133 2990 roo
159 2945 265 2989 verum
289 2927 341 2989 ubi
367 2945 501 3006 eumque
526 2925 628 3007 magis
651 2924 751 2988 denso
775 2930 849 2988 sunt
872 2925 1000 3006 agmine
1024 2926 1146 3009 nubes,

158 3046 223 3103 tam
246 3040 348 3123 magis
371 3039 444 3102 hino
467 3059 585 3122 magno
607 3039 749 3104 fremitus
773 3039 806 3102 tit
830 3060 987 3104 murmure
1010 3059 1130 3123 saepe.

157 3163 325 3238 praeterea
347 3173 451 3234 neque
473 3159 539 3217 tam
563 3152 725 3218 condenso
750 3176 882 3238 corpore
906 3156 1007 3219 nubes

161 3291 231 3335 esse
256 3277 373 3351 queunt
395 3290 489 3351 (luam
514 3277 586 3333 sunt
608 3269 735 3352 lapides
758 3291 796 3333 ao
819 3272 928 3355 tigna,
945 3290 1049 3351 neque
1073 3276 1183 3335 autem

158 3393 223 3450 tam
246 3392 358 3450 tenues
383 3405 477 3466 quam
501 3390 575 3448 sunt
598 3384 735 3449 nebulae
760 3387 900 3467 fumique
921 3386 1088 3450 volantes:

86 3524 135 3570 roo
160 3522 235 3565 nam
261 3501 377 3565 eadere
401 3501 442 3564 ab
465 3499 558 3563 bruto
581 3501 734 3564 deberent
756 3501 897 3584 pondere
920 3520 1052 3585 pressae

158 3623 192 3682 ut
214 3617 359 3701 lapides,
376 3622 431 3679 aut
453 3621 487 3678 ut
509 3613 616 3679 sumus
640 3623 786 3681 constare
810 3616 978 3698 nequirent

160 3751 218 3797 nee
241 3732 389 3796 cohibere
413 3731 503 3794 nives
527 3729 652 3811 gelidas
676 3740 707 3795 et
729 3731 897 3815 grandinis
921 3731 1051 3796 imbris.

165 4038 197 4084 83
216 4043 241 4084 et
258 4035 323 4084 ratio
343 4035 469 4096 caulisque
488 4035 612 4084 tenenda.
639 4030 651 4100 11
677 4036 710 4082 84
729 4035 835 4084 flumina
860 4032 872 4102 Η
899 4038 931 4084 86
951 4036 1061 4099 trepidas
1082 4032 1095 4103 Η
1116 4039 1147 4085 81
1168 4052 1290 4101 pervene-

163 4132 200 4172 ret
226 4125 238 4189 ΙΙ
266 4124 295 4172 91
317 4124 361 4172 fier
386 4122 399 4188 11
425 4124 457 4171 92
478 4123 626 4185 prescribitur
644 4137 674 4171 ae
699 4118 712 4189 Η
736 4123 825 4171 callis.
851 4120 864 4190 Η
889 4126 921 4173 95
941 4124 1010 4172 laudi
1036 4121 1048 4191 Η
1077 4125 1249 4176 1021>retere
1273 4123 1288 4193 ΙΙ

164 4226 242 4260 nure.
262 4205 276 4277 11
299 4213 348 4259 103
367 4210 470 4274 pepides
489 4226 518 4259 ac
538 4211 609 4274 iigna
629 4208 642 4278 11
666 4213 714 4260 105
733 4211 774 4259 avi
