2744 4658
428 961 477 1042 u.
507 959 800 1043 Lueeuur
830 960 987 1043 CARI

250 1198 367 1295 DE
413 1197 734 1298 RERUM
778 1199 1156 1301 NATURA

391 1465 398 1477 ·
507 1446 647 1510 LIBER
674 1445 898 1524 QUINTUS.

140 1917 228 2033 Quis
248 1962 335 2051 potis
358 1969 406 2028 est
428 1961 558 2042 dignum
574 1962 710 2053 pellenti
724 1969 862 2063 Jreetore
885 1983 1013 2028 earmen

139 2079 278 2145 uendere
300 2098 358 2161 pre
381 2096 485 2141 rerum
511 2078 676 2144 maiestate
698 2078 811 2161 hisque
834 2077 996 2163 repertis?

140 2194 251 2277 quisve
273 2192 358 2280 ualet
380 2191 485 2269 uerbis
509 2199 650 2270 tantum,
668 2194 722 2275 qui
747 2194 868 2275 fingere
891 2193 1005 2258 laudes

141 2329 200 2392 pre
224 2305 344 2372 meritis
367 2305 436 2372 eius
458 2307 578 2390 pessit,
596 2307 649 2388 qui
671 2307 751 2370 talia
774 2309 866 2373 nobis

99 2442 116 2489 5
140 2430 269 2529 pectere
289 2426 384 2514 garta
406 2440 463 2485 suo
488 2421 705 2511 φξβ-(ἕψημα
718 2423 863 2504 praemia
887 2422 1004 2504 liquit?

140 2556 255 2619 neme,
271 2541 305 2600 ut
326 2536 460 2620 opinor,
477 2535 536 2599 erit
558 2533 685 2599 mortali
707 2555 840 2618 empore
864 2542 990 2622 eretus.

142 2670 217 2714 narn
240 2650 286 2728 si,
303 2656 338 2714 ut
359 2650 438 2734 ipss.
453 2649 533 2734 petit
555 2648 706 2714 maiestas
730 2649 859 2733 cognita
881 2670 1004 2731 reruni,

144 2763 315 2830 dicendum
339 2771 406 2843 est,
423 2764 502 2829 deus
524 2765 579 2828 ille
603 2763 681 2848 fuit,
698 2765 796 2843 deus,
812 2765 930 2848 inelyte
954 2764 1103 2840 Memmi,

142 2881 198 2964 qui
220 2879 369 2964 princeps
392 2880 476 2943 vitae
500 2881 655 2945 rationem
680 2881 799 2944 invenit
822 2900 892 2945 eam
918 2899 1001 2962 quae

85 3018 118 3063 re
143 3016 228 3061 nune
249 2995 431 3080 appellatur
453 2995 633 3078 sapientia,
651 2995 768 3075 quique
792 3015 848 3077 per
870 3001 969 3059 artem

141 3110 285 3176 fluetibus
309 3128 326 3173 e
348 3109 444 3189 rantis
467 3109 563 3189 vitum
587 3109 746 3195 {artisque
765 3109 908 3193 {enebris

141 3224 176 3289 in
197 3231 263 3289 tam
285 3224 456 3306 tranquille
480 3231 511 3288 et
533 3231 597 3288 tam
622 3224 710 3288 clara
732 3224 803 3288 luce
825 3223 963 3286 locavit.

144 3339 254 3406 eunies
275 3338 360 3404 enim
383 3338 492 3403 divina
514 3338 649 3402 aliorum
672 3340 804 3421 antiqua
824 3343 969 3421 repertu.

143 3472 282 3536 namque
305 3448 403 3519 Ceres
425 3453 527 3518 fertur
549 3451 657 3534 fruges
679 3453 838 3533 Liberque
859 3451 993 3534 liquoris

86 3589 118 3636 15
142 3567 275 3652 vitigeni
297 3568 425 3634 laticem
448 3568 634 3632 mortalibus
657 3566 852 3647 instituisse3

142 3703 215 3749 eum
236 3687 346 3748 tamen
367 3682 417 3747 his
439 3688 548 3766 posset
571 3672 646 3745 sine*
661 3682 756 3746 rebus
778 3680 843 3745 vita
864 3699 1015 3757 manere,

143 3803 178 3862 ut
198 3797 284 3862 sarna
307 3802 354 3862 est
376 3797 505 3879 aliquas
528 3795 625 3860 etiam
648 3815 731 3859 nune
752 3795 858 3860 vivere
880 3788 1005 3876 gentis:
1111 3816 1114 3825 ·

143 3915 176 3974 ut
198 3910 281 3977 bene
303 3931 368 3976 non
390 3917 518 3995 poterat
540 3910 607 3976 sine
631 3930 708 3994 puro
731 3914 858 3995 pectore
880 3908 965 3987 vivi;

148 4154 163 4203 2
182 4154 320 4206 maiestatis
339 4164 414 4219 aurue
433 4151 447 4226 Η
468 4157 483 4204 5
503 4155 617 4220 ‹praesitu
638 4155 650 4222 Η
673 4158 704 4203 12
725 4153 839 4204 vocavit.
862 4150 874 4221 Η
897 4156 928 4201 14
947 4168 1018 4216 geres
