2678 4658
641 174 781 274 uu'

128 382 217 446 amnia
238 401 324 464 quae
347 381 464 446 circum
487 381 622 464 sedunt,
640 382 810 464 sonituque
833 384 971 449 cientur.

124 503 151 560 at
169 496 335 562 simulacra
356 495 418 560 viis
442 495 577 560 derectis
600 497 708 561 cmnia
730 498 863 562 tendunt

70 628 103 676 tre
121 616 148 674 ut
166 618 236 677 sunt
256 610 357 676 missa
380 610 499 689 semel;
516 632 581 692 qua
603 617 734 695 prepter
758 632 885 677 cernere
908 634 1001 679 ncmc

117 745 236 811 saepem
259 726 344 790 intra
362 725 446 809 pctis
469 731 536 810 est,
553 733 587 790 at
608 747 703 792 vcces
726 728 872 812 accipere
894 735 1002 792 extra.

114 848 141 906 et
159 847 265 906 tamen
288 841 361 926 ipsa
385 861 510 922 queque
534 842 633 925 haec,
650 843 723 905 dum
747 844 861 929 transit
884 845 994 909 clausa
1016 844 1200 928 domorum,
1238 833 1240 837 ’

111 979 168 1021 vex
191 955 377 1041 optunditur
400 961 496 1037 atque
519 957 605 1020 auris
629 957 763 1022 confusa
784 966 953 1042 penetrat,
1233 963 1236 969 '

108 1078 137 1138 et
156 1073 294 1138 sonitum
320 1071 424 1155 potius
447 1091 543 1152 qnam
566 1072 664 1135 verba
687 1071 799 1138 audire
821 1073 985 1138 videmur..

53 1209 86 1256 ue
145 1190 235 1270 Nec,
253 1187 309 1268 qui
331 1185 484 1250 sentimus
507 1207 635 1271 sucum,
652 1186 763 1269 lingua
785 1194 881 1270 atque
903 1190 1046 1273 palatum

104 1303 283 1388 plusculum
307 1258 425 1366 hstnt
446 1300 479 1364 in
503 1320 538 1364 se
561 1301 691 1366 rationis
714 1302 787 1386 plus
809 1321 990 1387 aperaeve.

102 1419 261 1505 principie
285 1437 396 1482 sucum
420 1415 575 1480 sentimus
598 1415 631 1479 in
655 1438 729 1497 cre,
746 1418 848 1482 cibum
872 1438 943 1483 cum

100 1532 289 1598 mandendo
313 1531 540 1614 exprimimus,
556 1551 616 1596 ceu
638 1533 766 1616 plenam
790 1533 958 1618 spongiam
982 1535 1079 1620 aquai

99 1649 203 1732 siquis
226 1647 308 1711 forte
331 1667 429 1710 manu
450 1667 596 1731 premere
620 1668 659 1712 ac
681 1648 803 1714 siccare
827 1649 948 1733 cce'pit.

53 1785 82 1832 nn
99 1764 173 1829 inde
198 1761 287 1846 quad
311 1761 517 1846 exprimimus
540 1783 597 1847 per
618 1763 729 1827 caulas
753 1783 845 1840 omne
867 1764 971 1848 palati

101 1880 216 1944 diditur
242 1883 274 1943 et
295 1897 389 1942 rarae
411 1879 567 1962 perplexa
589 1878 747 1942 foramina
767 1878 916 1961 linguae.

101 1993 156 2061 icc
181 1995 242 2058 ubi
263 1993 348 2058 levia
370 1998 442 2058 sunt
464 1994 624 2057 manantis
647 2013 784 2077 corpora
807 1994 895 2072 suci,

98 2110 246 2175 suaviter
268 2108 428 2190 attingunt
450 2114 481 2173 et
503 2107 643 2173 suaviter
666 2109 772 2172 omnia
794 2113 951 2192 tractant,

96 2225 205 2289 umida
228 2223 352 2306 linguai
375 2223 651 2288 circumcidentis
674 2224 813 2306 templa:

53 2360 77 2407 aa
94 2348 128 2405 at
150 2345 267 2406 contra
288 2343 432 2422 pungunt
455 2358 583 2402 sensum
605 2337 812 2419 lacerantque
835 2344 964 2416 cccrta,

98 2461 219 2539 quanto
244 2472 391 2538 quaeque
413 2453 519 2535 magis
541 2459 613 2518 sunt
636 2454 809 2537 asperitate
831 2454 975 2537 repleta.

99 2570 217 2636 deinde
238 2570 388 2654 valuptas
411 2573 460 2633 est
481 2589 499 2634 e
522 2589 597 2632 succ
620 2569 682 2633 fine
705 2569 823 2653 palati:

98 2705 168 2751 cnm
191 2703 270 2751 vern
294 2683 443 2749 deorsum
466 2703 524 2769 per
545 2683 655 2749 fauces
678 2682 920 2767 praecipitavit,

97 2799 189 2864 nulla
210 2799 361 2883 voluptas
384 2804 451 2882 est,
469 2799 543 2864 dum
567 2798 684 2862 diditur
707 2797 809 2862 cumis
831 2797 864 2861 in
887 2803 993 2861 artus.

53 2935 77 2983 sc
99 2935 160 2981 nec
183 2913 283 2980 refert
305 2914 475 2996 quicquam
500 2935 562 2996 quc
584 2913 668 2978 victu
692 2933 806 2996 corpus
828 2911 951 2995 alatur,

97 3029 173 3096 dam
196 3028 292 3095 modo
316 3028 403 3112 quod
424 3029 534 3113 capias
557 3034 741 3093 concoctum
765 3027 875 3091 didere
897 3025 1002 3110 possis

97 3146 230 3210 antibus
252 3148 285 3209 et
306 3144 463 3224 stomachi
484 3143 661 3231 umidulum
684 3161 811 3208 servare
833 3148 994 3206 tenorem.

134 3263 229 3326 Nunc
251 3257 325 3323 aliis
348 3258 430 3324 alius
453 3259 508 3341 qui
530 3258 571 3323 sit
591 3259 681 3324 cibus
703 3258 814 3322 unicus
836 3263 931 3341 aptus

97 3375 291 3462 expediam,
308 3393 468 3459 quareve,
485 3375 557 3439 aliis
580 3372 665 3455 quod
689 3362 777 3438 triste
801 3378 831 3436 et
852 3376 1044 3448 amarnmst,

53 3511 74 3559 n
96 3491 156 3559 hcc
177 3497 288 3556 tamen
312 3508 385 3555 esse
407 3489 481 3554 aliis
503 3491 605 3573 possit
626 3487 775 3572 perdulce
798 3484 917 3563 videri,

94 3606 249 3687 tantaque
271 3603 305 3669 in
327 3603 377 3670 his
398 3603 494 3668 rebus
518 3603 667 3668 distantia
689 3601 924 3683 differitasque,

93 3727 126 3786 nt
149 3721 239 3804 quod
262 3719 308 3785 ali
331 3718 421 3785 cibus
444 3726 492 3785 est
513 3718 584 3784 aliis
606 3718 675 3782 fuat
697 3736 770 3781 acre
792 3705 972 3793 venenum;

94 3936 144 3984 668
164 3933 272 3983 suerunt
301 3928 315 3998 Η
346 3930 396 3978 609
416 3929 453 3978 vis
478 3924 491 3996 Η
515 3930 563 3977 611
585 3926 665 3989 Saepe
683 3941 758 3988 supra
783 3920 797 3990 Η
823 3925 872 3972 612
893 3923 1026 3970 domorum
1045 3921 1183 3972 omissam.
1205 3914 1217 3984 Η

93 4023 144 4072 615
162 4020 224 4071 Hoc
245 4016 260 4088 Η
282 4020 334 4068 616
350 4031 441 4080 opere.
464 4011 476 4083 Η
498 4014 547 4062 622
563 4021 693 4062 manantes
714 4009 726 4079 Η
748 4014 797 4059 624
811 4010 913 4059 [midai
927 4011 1015 4073 lingua
1035 4007 1047 4075 Η
1068 4005 1183 4055 sudantia
1204 4003 1217 4070 Η

91 4111 140 4159 631
159 4121 268 4175 posses.
300 4101 314 4170 Η
346 4105 396 4152 632
417 4102 529 4150 umidum
558 4101 570 4166 Η
601 4103 650 4150 633
670 4109 698 4149 ut
715 4100 868 4148 rideamne·
887 4095 900 4164 Η
928 4100 977 4146 636
998 4096 1024 4143 in
1043 4094 1181 4144 amineum.
1203 4094 1214 4155 Η

89 4206 142 4248 ut.
167 4192 184 4266 Η
210 4196 263 4245 637
284 4192 344 4241 aliis
363 4190 434 4239 cibus
459 4187 472 4258 Η
498 4191 566 4238 frunt
