2678 4658
601 234 738 299 .V1

75 426 129 473 saa
156 405 310 488 reliquias
333 407 416 472 vitae
439 405 589 489 membris
612 425 652 470 ex
675 406 821 471 omnibus
845 406 969 471 aufert.

155 521 274 605 quippe
297 521 414 586 etenim
435 521 538 603 primo
562 523 654 603 quasi
679 522 838 603 quendam
861 523 984 587 conciet
1006 528 1151 587 aestum:

154 637 315 720 posterius
338 636 372 700 fit
394 635 460 711 uti,
478 656 549 700 oum
571 635 635 700 iam
658 636 805 702 cecidere
828 636 949 703 veneni-

156 750 189 814 in
212 749 310 814 fontis
332 749 440 832 ipsos,
457 751 502 815 ibi
525 751 566 815 sit
589 771 716 832 quoque
738 751 804 815 vita
827 752 987 816 vomendo

156 870 331 950 propterea
355 865 440 947 quod
463 886 583 948 magna
605 865 680 928 mali
703 864 738 928 fit
760 867 852 950 copia
875 867 1013 931 circum.

78 1001 128 1049 sao
200 980 252 1044 Fit
275 1001 401 1062 quoque
424 987 458 1044 ut
479 980 561 1044 inter
583 979 657 1043 dum
682 980 730 1045 vis
752 980 834 1045 haec
857 990 952 1064 atque
975 990 1083 1046 aestus
1105 981 1225 1048 Averni
1255 1002 1259 1009 ·

156 1103 252 1178 adra,
273 1096 324 1177 qui
348 1096 431 1159 inter
454 1095 523 1159 avis
547 1102 713 1176 cumquest
735 1101 916 1177 terramque
939 1097 1082 1174 locatus,

156 1211 327 1287 discutiat,
343 1231 443 1294 prope
465 1211 510 1274 uti
534 1211 623 1277 locus
647 1210 699 1275 hic
721 1211 886 1293 linquatur
908 1212 1033 1277 inanis.

157 1326 247 1390 cuius
268 1325 322 1388 ubi
346 1346 363 1389 e
386 1326 517 1406 regione
541 1327 602 1391 loci
627 1345 743 1392 venere
766 1326 933 1403 volantes,

157 1442 317 1506 claudicat
340 1442 499 1526 externplo
523 1442 688 1527 pinnarum
713 1442 801 1506 nisus
823 1441 949 1525 inanis,

80 1579 132 1627 835
160 1562 192 1622 ct
216 1576 372 1621 conamen
393 1557 552 1639 utrimque
575 1558 697 1622 alarum
721 1558 865 1640 proditur
888 1538 1001 1622 omne.

156 1672 210 1735 hic
232 1673 284 1736 ubi
308 1673 410 1736 nixari
434 1679 598 1755 nequeunt
619 1673 830 1755 insistereque
853 1673 933 1755 alis,

157 1787 300 1865 scilicet,
316 1788 347 1851 in
372 1795 491 1852 terram
514 1787 622 1852 delabi
644 1789 787 1872 pondere
810 1788 896 1869 cogit

155 1910 291 1980 natura,
309 1909 339 1966 et
361 1922 496 1967 vacuum
519 1923 620 1987 prope
642 1902 708 1967 iam
730 1903 906 1986 perinane
929 1902 1071 1968 iacentes
1149 1965 1158 1984 „

79 2039 131 2086 aaa
158 2018 347 2101 dispergunt
369 2020 493 2084 animas
516 2020 706 2103 percaulas
730 2018 873 2103 corporis
897 2018 1020 2084 omnis.
1092 2026 1100 2141 J
1150 2002 1154 2016 Α

669 2137 689 2175 *
1086 2144 1094 2217 1

157 2271 223 2314 non
247 2249 324 2314 milri
348 2250 375 2314 si
398 2250 529 2334 linguae
553 2256 680 2316 centurn
703 2252 766 2315 sint
789 2271 908 2333 oraque
931 2220 1089 2334 centump

158 2387 257 2431 aerea
279 2386 363 2442 vox,

669 2482 689 2520 >le

843 2597 996 2662 mensibu'
1018 2597 1119 2680 frigus

667 2715 688 2754 ,qe

768 2847 980 2911 cameraequc
1004 2829 1139 2894 caminis

669 2945 688 2986 a

475 3078 514 3122 ne
538 3057 669 3122 oblimet

669 3175 689 3216 a

76 3314 131 3360 sco
157 3288 302 3370 frigidior
324 3311 419 3373 porro
442 3289 477 3352 in
498 3290 602 3372 puteis
625 3295 748 3354 aestate
772 3289 806 3353 tit
827 3309 938 3372 umor,

158 3405 291 3469 rarescit
313 3404 390 3486 quia
413 3410 499 3469 terra
522 3405 650 3481 calore,
667 3411 697 3468 et
719 3404 842 3469 semina
864 3404 893 3469 si
916 3423 1000 3486 quae

157 3518 239 3583 forte
263 3520 392 3603 vaporis
415 3519 533 3596 habet,
549 3538 685 3603 propere
709 3519 835 3583 dimittit
855 3520 888 3582 iu
912 3537 1029 3586 auras.

157 3654 221 3714 quo
245 3635 348 3716 magis
372 3642 421 3700 est
442 3635 539 3716 igitur
560 3634 656 3698 tellus
679 3633 774 3699 effeta
797 3634 923 3710 calore,

156 3747 191 3810 fit
215 3768 341 3829 quoque
364 3748 510 3832 frigidior
533 3748 587 3830 qui
610 3749 643 3812 in
665 3754 781 3812 terrast
802 3748 931 3813 abditus
953 3767 1064 3811 unior.

77 3883 131 3930 845
158 3862 276 3944 frigore
299 3881 369 3925 cum
393 3862 547 3946 premitur
567 3883 663 3947 porro
688 3862 790 3927 omnis
814 3870 898 3928 terra
920 3862 1048 3943 coitque

161 4139 212 4185 8⁶25
232 4137 285 4184 vita
304 4132 318 4204 Η
344 4139 393 4186 831
415 4147 544 4199 seramque
569 4133 583 4205 ll
608 4138 658 4185 832
677 4137 737 4186 hinc
756 4137 879 4200 linquitur
900 4135 912 4200 ΙΙ
933 4137 983 4183 833
1004 4150 1018 4184 e
1036 4134 1091 4183 bia.
1117 4129 1130 4198 ΙΙ
1158 4135 1209 4182 840
1228 4134 1284 4195 Qus

161 4224 279 4286 frigidior
300 4222 313 4292 11
334 4225 380 4272 841
404 4225 505 4273 Arescit
526 4223 539 4292 Η
560 4224 622 4273 serni
641 4224 730 4286 siqua.
751 4221 764 4291 11
785 4226 835 4272 842
856 4222 956 4285 proprie
