2678 4658
637 230 695 294 llll
709 272 716 283 ι

139 376 424 483 Centaurositaque
446 408 478 466 et
501 400 679 485 Scyllarum
702 403 846 467 membra
868 401 1032 487 videmus,

136 512 355 597 Cerbereasque
377 535 491 581 eanum
513 515 633 595 iacies,
650 517 884 598 simulacraque
909 536 1016 582 eorum

67 636 69 647 '
132 650 246 711 quorum
268 635 371 695 morte
393 630 482 696 obita
503 631 599 696 tellus
622 631 821 715 amplectitur
844 653 940 712 ossa3

83 764 112 811 cs
129 765 207 810 omne
228 765 331 829 genus
355 745 504 828 quoniam
527 747 647 830 passim
671 748 842 813 simulacra
864 749 1026 826 feruntur,

124 860 227 944 partim
251 867 365 945 sponte
389 881 447 926 sua
470 882 552 943 quac
574 862 653 926 fiunt
676 870 749 927 aare
771 863 804 925 in
826 862 917 947 ipso,

78 1018 82 1023 -
122 970 335 1060 partim‘quae
356 975 455 1040 variis
477 976 519 1040 ab
543 978 638 1042 rebus
662 996 796 1058 cumque
818 977 972 1043 recedunt

120 1097 146 1156 et
165 1110 247 1173 quac
271 1090 412 1155 confiunt
435 1111 473 1156 ex
497 1092 608 1155 horum
630 1093 717 1158 facta
739 1093 870 1174 figuris.

118 1225 183 1269 nam
205 1211 292 1270 certe
316 1225 362 1283 ex,
379 1207 451 1271 vivo
475 1207 626 1272 Centauri
649 1228 711 1272 non
735 1209 769 1272 fit
790 1209 916 1293 imago,

67 1342 98 1388 ero
116 1321 199 1385 nulla
222 1320 283 1384 fuit
305 1321 455 1403 quoniam
478 1321 552 1386 talis
575 1328 690 1386 natura
712 1322 879 1387 animalis:

114 1456 219 1503 verum
242 1436 298 1501 ubi
319 1437 393 1518 equi
417 1456 495 1503 casu
516 1443 613 1519 atque
636 1437 772 1502 hominis
795 1439 943 1503 convenit
964 1439 1093 1521 imago,

114 1554 271 1620 haerescit
292 1552 388 1617 facile
411 1555 592 1638 extemplo,
609 1552 694 1635 quod
719 1552 856 1618 diximus
879 1560 973 1638 ante,

113 1676 240 1756 propter
265 1668 414 1733 subtilem
438 1673 584 1732 naturam
607 1674 638 1732 et
659 1669 766 1733 tenvia
788 1674 896 1733 texta.

112 1791 214 1851 cetera
237 1784 420 1867 degenere
443 1782 504 1847 hoc
527 1785 639 1848 eadem
661 1783 783 1848 ratione
808 1790 975 1848 creantur.

71 1916 189 1982 toruae
215 1919 289 1964 cum
312 1898 471 1963 mobiliter
493 1918 616 1962 summa
638 1898 766 1962 levitate
788 1900 953 1976 feruntur,

113 2022 140 2080 ut
160 2013 256 2099 prius
278 2011 424 2097 ostendi,
441 2012 537 2077 facile
560 2033 623 2076 uno
648 2020 824 2077 commovet
847 2015 909 2077 ictu

111 2148 192 2211 quac
215 2128 297 2193 libet
317 2146 383 2191 uua
404 2128 542 2191 animum
566 2128 660 2192 nobis
682 2128 807 2193 subtilis
832 2128 959 2210 imago:

110 2245 210 2311 curis
234 2243 318 2309 enim
343 2262 431 2307 mens
455 2249 503 2307 est
525 2247 556 2305 et
578 2242 657 2307 mire
681 2242 807 2308 mobilis
830 2245 923 2327 ipsa.

145 2359 238 2424 Haeo
260 2357 329 2423 fieri
352 2362 388 2421 ut
408 2354 571 2440 memoro,
588 2357 685 2422 facile
708 2358 781 2423 hinc
804 2378 996 2443 cognoscere
1019 2358 1144 2442 possis.

67 2491 95 2540 'eo
113 2494 172 2556 qua
195 2480 291 2539 tenus
312 2472 374 2538 hoc
396 2473 501 2538 simile
524 2479 572 2537 est
593 2457 660 2557 illi,
678 2473 763 2555 quod
785 2482 890 2540 mente
913 2474 1057 2538 videmus
1148 2502 1153 2511 ·

112 2594 204 2671 atque
226 2588 351 2666 oculis,
367 2587 463 2653 simili
485 2587 553 2652 fieri
576 2564 700 2653 ratione
723 2608 856 2654 neccsse
880 2596 946 2654 est.

113 2724 192 2769 nunc
216 2704 313 2789 igitur
335 2703 485 2785 quoniam
508 2702 604 2768 docui
626 2723 677 2767 rne
700 2703 782 2768 forte
805 2705 930 2769 leonem

116 2839 241 2886 cernere
264 2839 322 2902 per
344 2818 536 2897 simulacra,
554 2818 662 2883 oculos
686 2837 769 2900 quae
792 2838 925 2900 cumque
947 2819 1126 2901 lacessunt,

115 2937 192 3000 scire
213 2934 291 3000 licet
312 2939 452 2999 mentem
475 2934 570 2998 simili
594 2934 716 2998 ratione
738 2934 877 3017 moveri,

67 3064 97 3114 res
114 3069 166 3134 per
187 3048 360 3116 simulacra
382 3048 508 3113 leonem
533 3054 565 3113 et
586 3054 694 3113 cetera
717 3068 801 3129 quae
823 3048 910 3113 videt
931 3069 1032 3132 aeque

115 3183 170 3230 nec
190 3163 296 3230 miuus
319 3168 415 3246 atque
438 3163 541 3246 oculi,
557 3163 619 3227 nisi
642 3162 726 3245 quod
749 3183 842 3246 rnage
864 3165 971 3227 tenvia
994 3164 1112 3230 cernit.

114 3298 168 3344 nec
189 3277 317 3344 ratione
340 3278 426 3361 alia,
443 3298 514 3343 cum
536 3299 667 3344 somnus
690 3278 834 3343 membra
855 3277 1016 3360 profudit,

115 3413 199 3460 mens
223 3393 323 3459 animi
345 3393 478 3477 vigilat,
495 3393 556 3459 nisi
580 3393 665 3475 quod
688 3393 858 3473 simulacra
876 3394 1045 3458 lacessunt

114 3508 189 3575 haec
212 3507 326 3575 eadem
350 3514 478 3575 nostros
500 3509 626 3573 animos
650 3528 732 3591 quae
756 3529 827 3572 cum
849 3508 1039 3592 vigilamus,
1115 3520 1123 3539 ·

68 3634 98 3687 itt
114 3642 211 3707 usquc
233 3623 338 3704 adeo,
355 3629 441 3689 certe
462 3627 496 3685 ut
517 3622 681 3687 videamur
704 3643 832 3688 cernere
854 3642 924 3685 eum
948 3643 1042 3710 quem

111 3739 232 3804 reddita
252 3759 312 3824 pro
335 3738 402 3804 vita
423 3737 487 3802 iam
510 3758 595 3802 mors
617 3744 648 3804 et
669 3744 755 3803 terra
777 3736 927 3821 potitust.
982 3787 987 3797 .

113 3923 311 3932 *—

115 4044 160 4092 735
178 4041 339 4106 Omnigenus
369 4037 382 4108 Η
414 4044 462 4090 736
483 4041 547 4090 flunt
571 4039 584 4109 Η
609 4045 658 4090 740
677 4040 778 4088 anima.
806 4037 819 4106 Η
844 4042 891 4087 741
913 4048 988 4101 atquo
1007 4038 1120 4087 homines
1138 4053 1198 4085 casu
1218 4034 1232 4102 Η

115 4130 161 4179 748
178 4138 257 4181 tenua
281 4125 295 4195 Η
323 4129 374 4178 752
394 4127 469 4178 docui
490 4129 610 4190 quoniam
631 4124 642 4194 Η
664 4128 782 4176 leonum.
809 4124 821 4191 Η
851 4129 899 4176 755
919 4127 1020 4176 leonum
1039 4131 1122 4173 cetera
1141 4117 1155 4190 Η
1183 4124 1231 4174 756

114 4216 177 4266 oculi
192 4226 272 4281 atque
290 4213 303 4285 Η
327 4218 379 4266 760
400 4229 464 4277 quc.
485 4217 497 4282 Η
521 4219 567 4265 761
589 4232 633 4280 pro
653 4216 793 4265 cariosam.
