2744 4658
156 209 219 274 218
696 205 742 268 VI

83 399 133 446 333
159 396 221 442 333
242 377 403 459 mirumst,
419 375 452 440 in
473 396 512 441 eo
536 376 562 441 si
584 384 728 459 tempore
750 376 888 461 plurima
907 376 988 440 fiunt

155 491 288 557 fulmina
309 497 549 575 tempestasque
572 491 671 556 cietur
693 492 821 556 turbida
843 491 956 573 eaelo,

157 607 288 691 ancipiti
312 607 463 688 quoniam
487 606 573 670 bello
595 608 739 671 turbatur
760 609 938 689 utrimque,

157 722 230 786 hinc
251 721 408 798 flammiS,
425 721 514 786 illinc
536 722 660 805 ventis,
677 742 851 804 umoreque
874 723 993 786 mixto.

196 837 265 902 Hoc
289 843 338 901 est
359 835 488 931 igniferi
512 843 658 925 naturam
683 837 953 928 fulminis-ipsam,

83 971 134 1018 333
158 952 341 1036 perspicere
364 958 395 1015 et
418 971 482 1033 qua
503 952 533 1015 vi
558 950 654 1016 faciat
675 973 742 1016 rem
765 971 925 1035 quamque
946 951 1078 1027 videre,

156 1087 221 1131 non
243 1068 410 1151 Tyrrhena
430 1074 515 1132 retro
538 1069 720 1132 volventem
742 1067 884 1132 carmina
905 1067 1022 1132 frustra

156 1182 276 1247 indicia
299 1185 444 1248 occultae
468 1183 576 1246 divum
598 1185 783 1268 perquirere
807 1183 941 1265 mentis,

156 1299 242 1363 unde
264 1299 379 1363 volans
400 1299 485 1382 ignis
509 1299 689 1381 pervenerit
711 1300 820 1362 autin
842 1306 945 1363 utram
969 1318 1004 1362 se

154 1415 283 1477 verterit
306 1415 378 1478 hino
401 1413 536 1498 partim,
554 1435 616 1496 quo
640 1420 735 1499 pacto
759 1434 815 1497 per
837 1396 911 1478 loca
934 1420 1046 1497 saepta

81 1548 131 1595 333
157 1528 342 1604 insinuarit,
358 1535 390 1593 et
413 1531 486 1594 hinc
508 1529 689 1596 dominatus
711 1536 746 1593 ut
769 1529 917 1595 extulerit
939 1549 995 1606 se,
1041 1562 1049 1568 -

156 1643 273 1725 quidve
296 1663 411 1708 nocere
436 1651 533 1726 queat
556 1646 596 1708 dc
619 1646 709 1709 eaelo
732 1644 875 1708 fulminis
897 1645 999 1708 ictus.

157 1759 240 1840 qnod
264 1759 289 1824 si
313 1760 578 1844 lampii-eratque
602 1761 659 1824 alii
681 1760 838 1843 fulgentia
861 1759 926 1823 divi

157 1874 293 1939 terrifico
317 1876 464 1956 quatiunt
486 1875 593 1939 sonitu
615 1876 768 1941 caelestia
788 1875 910 1959 templa

156 1997 188 2054 et
208 1991 328 2055 iaciunt
350 1992 455 2073 ignem
480 2012 543 2073 quo
567 1991 712 2072 cuiquest
736 2009 870 2071 cumque
893 1990 1060 2073 voluptas,

79 2125 130 2171 390
156 2125 211 2170 eur
234 2107 349 2186 quibus
371 2105 533 2171 incautum
556 2107 662 2171 scelus
685 2105 863 2169 aversabile
886 2112 1054 2186 cumquest

154 2240 219 2282 non
242 2219 360 2284 faciunt
380 2221 435 2284 icti
457 2219 603 2284 flammas
625 2228 659 2283 ut
681 2220 818 2300 fulguris
842 2219 951 2283 halent

154 2343 284 2418 pectore
307 2333 449 2418 perfluo,
467 2335 624 2400 documen
647 2335 835 2401 mortalibus
858 2354 952 2418 aere,

156 2456 188 2514 et
210 2450 315 2531 potius
336 2450 427 2514 nulla
450 2451 510 2515 sibi
534 2451 618 2534 turpi
642 2451 788 2515 conscius
811 2452 844 2513 in
868 2470 902 2514 re

156 2564 292 2630 volvitur
314 2566 347 2628 in
371 2565 507 2630 flammis
530 2567 678 2630 innoxius
701 2566 799 2647 inque
821 2567 948 2650 peditur

81 2700 131 2748 333
149 2670 284 2746 ‘turbiue
308 2682 437 2747 caelesti
461 2683 565 2747 subito
589 2689 808 2766 correptuset
829 2680 923 2765 igni?

157 2818 213 2862 cur
235 2798 330 2862 etiam
354 2798 428 2862 1333
450 2798 519 2862 3313
541 2804 654 2882 petunt
676 2797 858 2878 frustraque
880 2796 1056 2861 laborant?

157 2934 199 2978 an
221 2921 286 2977 tum
308 2912 460 2978 bracchia
484 2921 698 2978 consuescunt
719 2911 911 2993 firmantque
933 2911 1096 2977 lacertos?

154 3029 188 3092 in
211 3035 357 3110 terraque
380 3027 482 3111 patris
506 3046 561 3090 cur
581 3027 680 3091 tclum
704 3027 925 3111 perpetiuntur

157 3143 318 3228 optundi‘?
335 3163 388 3206 eur
410 3144 481 3224 ipse
504 3142 597 3225 sinit,
614 3163 718 3224 neque
741 3144 845 3227 parcit
867 3145 899 3207 in
922 3143 1050 3208 hostis?

81 3281 131 3328 400
156 3259 294 3342 denique
318 3279 373 3323 cur
393 3279 567 3340 numquam
591 3238 683 3322 eaelo
707 3259 782 3323 iacit
804 3258 945 3340 undique
969 3277 1049 3340 puro

154 3375 298 3458 Iuppiter
319 3375 351 3438 in
374 3381 479 3439 terras
502 3374 622 3438 fulmen
647 3374 835 3455 sonitusque
856 3371 1051 3456 profundit?

156 3510 198 3554 an
221 3491 314 3554 simul
338 3484 376 3555 a'c
400 3489 502 3553 nubes
524 3508 728 3565 successere,
743 3489 814 3572 ipse
836 3489 869 3550 in
893 3492 1037 3553 eastum
1139 3532 1142 3537 -

154 3604 339 3688 descendit,
356 3625 456 3689 prope
478 3612 513 3668 ut
534 3603 607 3669 hino
629 3605 685 3669 teli
708 3602 898 3668 determinet
919 3602 1029 3667 ictus?

156 3720 189 3784 in
213 3741 301 3786 mare
325 3741 387 3804 quo
411 3741 506 3805 porro
531 3719 624 3782 mittit
645 3719 797 3783 ratione?
814 3719 889 3801 quid
912 3717 1016 3780 undas

1093 818 1103 845 8

156 3905 358 3914 *—

158 4028 209 4076 375
229 4042 273 4075 333
291 4034 405 4088 tempore
429 4016 517 4092 11376
539 4024 577 4073 313
598 4021 610 4089 11
632 4026 680 4073 377
702 4024 779 4074 bellio
806 4019 819 4091 11
844 4027 894 4072 382
914 4024 1010 4072 menti.
1030 4019 1114 4085 11383
1134 4027 1250 4069 ntrame.
1280 4018 1294 4085 11

158 4114 270 4163 384133
291 4112 304 4180 11
326 4109 545 4178 3833333133311
567 4114 616 4160 386
637 4112 756 4161 fulminas
780 4108 793 4176 11
821 4113 872 4160 383
890 4127 941 4174 quo
960 4113 1062 4174 inquest
1081 4105 1094 4174 11
1114 4108 1249 4157 voluutas.
1273 4104 1288 4176 11

159 4205 209 4253 393
229 4201 333 4251 conclus
355 4197 437 4268 11401
458 4201 613 4267 luppiterras
634 4200 647 4266 11
668 4203 718 4249 402
738 4201 765 4248 13
784 4214 826 4248 aes
