2744 4658
170 244 230 309 146
703 242 761 307 ΠΙΙ

164 413 314 478 bracchia
335 414 577 497 palpebraeque
600 413 736 492 cadunt,
752 416 956 500 poplitesque
980 419 1109 484 cubanti

165 548 261 611 saepe
284 534 390 593 tamen
415 529 649 593 summittuntur
672 531 812 611 virisque
834 533 1016 598 resolvunt.

165 644 280 710 deiude
304 645 408 708 cibunr
431 643 575 724 sequitur
597 664 726 708 somnus
741 695 749 728 ,
767 647 862 728 quia,
880 667 962 728 quae
987 648 1064 712 facit
1086 656 1163 734 aer,

90 783 139 832 955
164 761 247 825 haec
270 758 380 823 eadem
406 759 512 841 cibus,
529 759 561 823 in
584 778 684 824 venas
708 761 783 823 durn
807 761 925 826 diditur
949 765 1071 848 ornnis,

164 875 282 941 efficit.
299 879 330 938 et
352 874 448 937 rnrrlto
473 895 570 958 sopor
592 875 646 940 ille
668 877 873 959 gravissimus
897 885 1020 956 exstat,

165 1011 257 1073 quem
281 995 367 1053 sabu·
390 997 442 1053 aut
463 990 569 1054 lassus
593 991 725 1074 capias,
745 993 820 1073 quia
843 993 982 1075 plurirna
1004 1000 1068 1056 turn
1092 1014 1128 1059 se

166 1126 301 1190 corpora
325 1109 514 1172 conturbant
536 1127 653 1189 niagno
677 1113 811 1171 contusa
834 1108 967 1171 labore.

163 1222 197 1284 tit
219 1223 342 1287 ratione
366 1223 480 1286 eadern
504 1222 664 1295 coniectus
687 1222 801 1304 partirn
824 1222 942 1286 animai

89 1358 138 1403 aco
164 1337 277 1413 altior,
295 1345 390 1418 atque
413 1337 500 1401 foras
523 1337 642 1401 eiectus
666 1337 786 1418 largior
808 1337 896 1421 eius,

165 1458 196 1515 et
218 1452 349 1516 divisior·
370 1453 453 1515 inter
475 1472 510 1516 se
535 1472 573 1516 ac
596 1451 778 1515 distractior
801 1459 913 1516 actus.

203 1568 242 1630 llt
265 1587 328 1648 quo
353 1567 487 1647 quisque
510 1567 577 1631 fere
601 1565 706 1629 studio
731 1566 894 1630 devinctus
917 1567 1089 1650 adhaeret,

164 1688 218 1747 aut
241 1682 355 1763 quibus
378 1683 410 1744 in
433 1682 528 1745 rebus
552 1680 681 1743 nrulturn
705 1701 813 1744 sununs
836 1690 909 1746 anto
932 1683 1046 1746 nrorati

162 1805 258 1879 atque
280 1796 312 1858 in
336 1815 375 1860 ea
397 1795 520 1859 ratione
542 1794 603 1858 fuit
625 1803 772 1860 contenta
794 1797 898 1880 magis
922 1817 1031 1871 nuens,

87 1934 136 1980 ooo
160 1913 192 1975 in
214 1912 334 1976 sornnis
357 1911 468 1976 eadern
491 1911 679 1995 plerumque
701 1911 846 1975 videmur
870 1912 978 1989 obire;

163 2027 314 2094 causidici
339 2045 454 2090 causas
477 2045 574 2108 agere
598 2032 627 2088 et
650 2046 842 2109 componere
865 2027 972 2109 leges,

161 2143 403 2227 induperatores
425 2159 571 2224 pugnare
594 2159 632 2203 ac
654 2141 778 2223 proelia
802 2141 911 2218 obire,

161 2265 278 2322 nautae
302 2260 497 2320 contractum
522 2275 591 2317 curn
614 2255 715 2318 ventis
739 2256 856 2338 degere
878 2257 1017 2340 belluni,

161 2393 219 2437 nos
242 2389 338 2454 agore
360 2370 422 2434 hoc
445 2374 552 2433 autern
575 2376 606 2434 et
629 2378 774 2434 naturam
798 2391 952 2452 quaerere
974 2391 1078 2437 rerum

88 2509 138 2554 aro
160 2505 285 2569 semper
308 2492 338 2550 et
359 2485 521 2548 inventam
544 2485 656 2568 patriis
679 2505 840 2569 exponere
863 2485 998 2551 chartis.

161 2608 267 2666 cetera
289 2601 335 2664 sic
357 2570 581 2682 studia⁰atque
604 2607 688 2664 artes
710 2602 898 2684 plerunrque
921 2599 1068 2665 videntur·

160 2716 334 2781 insomnis
358 2716 481 2780 animos
504 2716 666 2780 honrinurn
689 2715 839 2780 frustrata
860 2724 992 2780 tenere.

160 2832 423 2921 etquicunque
447 2829 515 2894 dies
541 2830 655 2893 multos
680 2848 720 2892 ex
743 2830 855 2893 ordine
878 2829 963 2894 ludis
998 2866 1002 2875 ·

159 2946 311 3010 adsiduas
334 2945 490 3009 dederunt
512 2964 644 3027 operas,
661 2943 848 3027 plerumque
872 2944 1035 3023 videmus,

84 3084 133 3129 aas
160 3081 231 3124 cunr
252 3062 315 3123 iarn
338 3060 525 3124 destiterunt
548 3079 587 3123 ea
609 3059 757 3123 sensibus
781 3080 954 3143 usurpare,

161 3176 296 3238 relicuas
319 3181 424 3238 tamen
448 3193 519 3238 esse
542 3175 610 3238 vias
633 3174 665 3236 in
689 3181 793 3238 mente
815 3175 975 3256 patentis,
1060 3194 1063 3200 ·

159 3311 221 3373 qua
242 3291 367 3374 possint
390 3290 502 3354 cadern
524 3309 630 3353 rerum
652 3288 823 3353 simulacra
845 3291 975 3355 venire:

161 3427 216 3489 per
239 3408 353 3470 nrultos
375 3407 481 3487 itaque
505 3403 560 3466 illa
583 3402 651 3467 dies
674 3383 787 3468 eadem
812 3407 1020 3469 obversantur

159 3527 234 3586 ante
258 3521 387 3604 oculos,
405 3521 499 3584 etiam
523 3519 694 3600 vigilantes
717 3527 751 3583 ut
772 3520 939 3584 videantur

83 3661 132 3708 980
159 3655 287 3703 eernere
310 3636 455 3699 saltantis
477 3640 508 3698 et
529 3635 640 3698 mollia
661 3636 803 3699 rnernbra
827 3635 1002 3717 moventis,

159 3759 191 3819 et
212 3752 352 3817 citharae
375 3750 528 3831 liquidum
552 3769 680 3814 carrnen
704 3750 905 3831 chordasque
928 3750 1087 3831 loquentis

158 3868 286 3932 auribus
309 3866 474 3949 accipere,
493 3870 523 3928 et
546 3883 731 3929 consessum
754 3884 882 3930 cernere
906 3864 1039 3928 eundern

159 3983 331 4064 scenaique
354 3981 447 4044 simul
469 3980 576 4044 varios
599 3978 769 4063 splendere
793 3981 945 4045 decores.

148 4233 210 4295 Ι959
230 4240 301 4297 parte
321 4227 333 4299 Η
355 4233 403 4281 961
424 4231 506 4279 intus.
528 4226 541 4296 ΙΙ
561 4232 610 4279 982
630 4245 779 4280 consensum
800 4226 813 4299 d
834 4232 884 4280 983
903 4230 1045 4293 Scenatque
