2744 4658
174 231 234 296 155
719 224 747 289 V

173 417 287 480 quam,
304 394 421 462 nostris
444 394 545 460 oeulis
568 415 630 477 qua
653 394 830 479 cernimus,
847 414 918 461 5555
941 394 1084 460 videtur.

171 531 247 576 nam
268 512 355 595 prius
378 509 504 589 emnia,
521 529 605 592 quae
628 509 725 591 leuge
748 516 870 575 semota
891 516 1014 575 tuemur

97 645 147 693 555
173 633 247 691 ae’ra
269 646 326 709 per
348 625 500 702 multum,
517 624 626 709 speeie
649 623 783 690 confusa
806 625 954 691 videntur

174 760 271 824 quam
293 739 394 804 minui
415 738 522 803 filum.
540 759 601 821 qua
624 747 754 823 prepter
776 740 854 805 luna
876 759 1010 806 neeesse
1032 745 1099 825 est,

172 854 427 940 quandoquidem
451 854 571 918 elatam
594 853 733 937 speeiem
756 861 936 937 certamque
959 855 1092 940 figuram

171 971 327 1056 praebet,
344 976 379 1035 ut
401 969 534 1034 esteris
557 969 706 1034 extremis
731 988 866 1051 eumque
889 975 1000 1035 notata
1169 943 1179 965 ⁰

175 1091 357 1168 quantaque
381 1089 528 1167 quantast
550 1083 623 1148 hine
645 1084 739 1149 nobis
759 1085 905 1150 videatur
926 1085 959 1150 in
983 1084 1070 1150 aito.

100 1223 150 1270 555
174 1206 337 1286 pestremo
361 1219 441 1282 quos
464 1218 600 1281 eumque
623 1200 713 1264 vides
736 1198 810 1264 hine
832 1200 972 1264 aetheris
994 1200 1108 1283 ignes,

174 1315 435 1399 quandoquidem
458 1333 537 1397 quus
560 1334 694 1396 eumque
717 1314 865 1381 interris
888 1316 1050 1399 ceruimu'‚
1065 1313 1215 1380 flammae

173 1432 250 1494 dum
271 1435 387 1494 tremor
410 1434 458 1492 est
479 1429 605 1506 clarus,
623 1429 695 1493 dum
719 1430 855 1495 cernitur
877 1431 972 1496 arder
994 1451 1124 1515 eorum,

174 1564 365 1630 perparvum
388 1541 540 1624 quiddam
562 1543 644 1608 inter
666 1543 741 1608 dum
763 1551 885 1611 mutare
907 1545 1034 1610 videtur

174 1662 307 1725 alteram
330 1665 432 1722 utram
454 1657 488 1720 in
509 1664 633 1742 partem
656 1659 764 1743 filum,
781 1680 844 1742 quo
867 1660 994 1742 longius
1016 1661 1154 1736 absunt,

101 1798 151 1845 554
176 1775 256 1841 seire
280 1772 354 1838 lieet
375 1792 530 1857 perquam
551 1773 693 1858 pauxillo
716 1795 812 1859 posse
834 1775 973 1840 minores

177 1910 249 1956 esse
270 1889 322 1954 vel
345 1888 463 1970 exigua
486 1887 615 1954 maioris
637 1895 729 1973 parte
751 1889 925 1973 brevique.

101 2029 152 2076 555
218 2003 301 2069 lllud
323 2004 398 2069 item
422 2024 485 2067 non
508 2009 556 2068 est
577 2003 779 2085 mirandum,
797 2025 860 2088 qua
883 2005 1007 2070 ratione

176 2118 318 2186 tantulus
339 2118 395 2184 ille
418 2124 513 2200 queat
535 2123 659 2183 tantum
681 2119 731 2183 555
752 2118 877 2184 mittere
899 2119 1028 2204 lumen,

177 2235 263 2318 quod
285 2233 388 2297 maria
410 2252 447 2296 ae
469 2238 571 2298 terras
594 2232 696 2298 omnis
720 2235 907 2315 caelumque
929 2234 1066 2319 rigando

177 2347 337 2432 compleat
359 2353 390 2412 et
411 2347 515 2411 ualido
538 2346 712 2432 perfundat
734 2354 847 2413 euneta
869 2368 1009 2433 vapore.

102 2489 151 2535 555
177 2486 251 2530 nam
275 2462 348 2527 lieet
371 2461 444 2525 hine
465 2460 575 2524 mundi
597 2461 795 2546 patefactum
816 2463 913 2528 tetius
936 2483 1032 2528 unum

175 2577 356 2660 largifluum
377 2575 497 2641 fontem
521 2582 645 2642 scatere
667 2583 765 2659 atque
787 2599 952 2662 erumpere
975 2579 1103 2655 lumen,

179 2693 325 2759 exomni
349 2691 467 2757 munde
492 2693 567 2774 quia
590 2692 635 2758 555
658 2694 817 2779 elemeqta
840 2694 969 2777 vaporis

103 2829 154 2876 555
178 2808 318 2890 undique
342 2807 532 2872 conveniunt
555 2814 586 2872 et
608 2807 654 2872 555
677 2808 839 2872 coniectus
863 2827 972 2873 eorum

179 2922 327 2999 confiuit,
344 2941 382 2986 ex
404 2942 466 2985 uno
491 2921 595 3005 eapite
617 2919 669 2985 hie
691 2927 726 2985 ut
747 2921 884 3004 profluat
906 2921 1024 2986 arder.

180 3057 285 3102 nonne
307 3036 400 3100 vides
422 3036 518 3098 etiam
542 3055 638 3116 quam
661 3035 725 3099 late
748 3056 865 3119 parvus
888 3038 985 3120 aquai

94 3174 118 3235 ς
178 3157 271 3235 prata
293 3150 375 3232 riget
395 3147 469 3213 fons
490 3148 573 3214 inter
597 3149 672 3214 dum
696 3151 880 3233 campisque
902 3150 1087 3217 redundet?

179 3271 228 3330 est
250 3263 344 3328 etiam
368 3283 495 3346 quoque
518 3265 562 3328 uti
587 3286 649 3329 nou
672 3284 790 3346 magno
814 3265 893 3330 55555
915 3266 956 3330 ab
979 3265 1045 3348 igni

105 3400 155 3446 555
179 3387 256 3443 adra
278 3378 435 3462 pereipiat
456 3377 570 3443 calidis
592 3377 767 3445 fervoribus
790 3379 907 3457 ardor,

181 3500 378 3578 opportunus
399 3494 445 3558 ita
468 3498 516 3557 est
538 3493 566 3557 si
588 3491 670 3557 ferte
694 3501 725 3559 et
746 3494 880 3559 idoneus
903 3501 980 3578 adr,

179 3616 214 3673 ut
237 3616 333 3691 queat
354 3606 484 3673 aeeeudi
506 3607 616 3692 parvis
639 3608 807 3673 ardoribus
828 3608 929 3686 ictus3

181 3722 266 3806 qued
288 3744 391 3806 genus
412 3724 495 3789 inter
516 3721 592 3787 dum
615 3729 741 3808 segetes
763 3722 977 3807 stipulamque
999 3721 1145 3788 videmus

184 4028 235 4077 580
253 4026 320 4075 Aere
340 4020 353 4092 ΙΙ
374 4025 422 4073 581
443 4023 478 4072 mi
504 4021 517 4091 Η
542 4026 593 4075 584
613 4023 715 4086 Quanta
733 4039 833 4089 quoque
851 4031 969 4086 quantust
988 4021 1002 4093 Η
1022 4025 1072 4073 586
1091 4022 1210 4090 dammae
1229 4024 1305 4076 55555-

183 4134 257 4168 eum.
278 4112 291 4182 Η
315 4114 364 4162 587
385 4123 422 4161 555
440 4114 579 4162 omissum.
601 4111 614 4180 ΙΙ
640 4114 689 4161 589
708 4112 789 4161 absit.
810 4109 823 4179 ΙΙ
843 4113 893 4160 595
912 4120 982 4175 perte
1007 4109 1021 4180 ΙΙ
1041 4114 1197 4162 595τ584.
1218 4112 1233 4180 Η
1254 4114 1304 4161 599

185 4217 294 4268 vapore.
314 4196 327 4269 Η
351 4202 400 4248 905
420 4198 554 4263 percipitat
575 4198 587 4265 Ι]
610 4201 658 4248 505·
678 4199 727 4248 sita
746 4207 783 4249 est
