2744 4658
129 415 302 493 conspectu
326 429 366 474 ex
387 408 571 492 homiuum,
588 407 711 473 foedati
733 407 864 473 crimine
887 409 990 492 turpi,
1082 424 1085 429 ·

69 546 104 593 55
130 525 278 589 omnibus
302 524 442 589 erumnis
465 522 580 588 adfecti
605 523 741 604 denique
766 522 897 600 vivunt,

129 644 162 704 et
184 658 246 721 quo
270 657 406 721 cumque
429 644 536 702 tamen
558 636 665 701 miseri
689 655 806 702 venere
830 643 999 721 parentant

129 762 162 822 55
184 756 293 839 nigras
314 759 457 818 mactant
478 753 619 837 pecudes
643 756 674 816 et
697 752 835 817 manibu’
859 751 940 817 divis

128 870 259 936 inferias
282 869 428 948 mittunt,
447 869 608 950 multoque
629 867 663 930 in
685 868 779 932 rebus
803 868 927 934 acerbis

129 985 236 1051 acrius
259 983 425 1049 advertunt
447 983 570 1047 animos
594 982 638 1046 ad
661 983 868 1065 religionem.

69 1121 103 1169 55
130 1120 195 1183 quo
219 1099 321 1184 magis
344 1098 377 1163 in
400 1098 505 1165 dubiis
528 1098 690 1164 hominem
713 1104 859 1181 spectare
882 1096 1011 1181 periclis

129 1214 281 1281 convenit
303 1213 510 1296 adversisque
533 1215 565 1278 in
588 1215 683 1279 rebus
707 1232 839 1277 noscere
862 1215 915 1294 qui
938 1213 997 1276 sit:

128 1350 207 1395 nam
228 1349 327 1395 verae
349 1349 446 1394 voces
469 1335 535 1393 tum
557 1329 684 1394 demum
707 1334 836 1412 pectore
858 1329 898 1392 ab
920 1327 984 1391 imo

129 1446 304 1524 eiciuntur,
323 1451 354 1509 55
374 1444 507 1528 eripitur
528 1464 687 1528 persona,
703 1450 812 1507 manet
832 1463 905 1507 res.

131 1559 271 1642 denique
293 1559 444 1625 avarities
467 1566 498 1625 55
521 1559 677 1624 honorum
702 1579 801 1624 caeca
822 1559 959 1644 cupido,

72 1697 106 1745 cc
131 1694 218 1759 quae
241 1674 374 1740 miseros
395 1674 541 1740 homiues
566 1681 684 1757 cogunt
706 1673 932 1739 transcendere
953 1672 1032 1739 lines

130 1791 209 1855 iuris
232 1795 263 1855 55
284 1789 365 1854 inter
389 1789 461 1853 dum
486 1791 591 1855 socios
614 1790 770 1856 scelerum
793 1795 890 1870 atque
914 1788 1075 1852 ministros

132 1911 242 1971 noctes
263 1911 360 1986 atque
382 1904 452 1968 dies
474 1905 533 1969 niti
555 1911 738 1988 praestante
761 1904 871 1967 labore

131 2019 173 2085 ad
195 1994 336 2086 summas
358 2039 524 2103 emergere
547 2039 645 2104 opes,
661 2018 743 2083 haec
764 2019 898 2084 vulnera
920 2018 1005 2083 vilae

131 2156 197 2202 non
220 2135 382 2200 minimam
404 2140 526 2219 partem
548 2133 659 2199 mortis
682 2131 853 2198 formidine
876 2133 1024 2197 aluntur.

74 2271 106 2319 55
131 2251 235 2335 turpis
258 2250 341 2314 enim
364 2250 463 2315 ferme
486 2255 683 2332 contemptus
707 2254 738 2312 et
760 2248 843 2313 acris
867 2255 996 2330 egestas

133 2371 259 2430 semota
281 2363 324 2429 ab
347 2363 433 2428 dulci
455 2365 519 2428 vita
543 2364 712 2444 stabilique
736 2365 883 2429 videntur

133 2484 167 2546 et
189 2479 281 2562 quasi
303 2478 367 2542 iam
390 2479 444 2544 leti
466 2483 577 2561 portas
600 2479 774 2542 cunctarier
797 2485 891 2556 aute;

132 2591 219 2658 uude
242 2592 386 2658 homines
409 2590 484 2656 dum
507 2610 542 2656 55
564 2591 648 2655 falso
671 2598 791 2656 terrore
814 2593 917 2656 coacti

134 2707 285 2792 effugisse
309 2707 419 2782 volunt
440 2707 559 2788 longe,
579 2706 740 2787 longeque
763 2725 925 2779 ramesse,

75 2844 108 2892 ro
135 2822 293 2905 sangiune
316 2820 400 2886 civili
423 2841 487 2885 rem
512 2819 653 2886 conflant
674 2820 865 2903 divitiasque

135 2936 363 3021 conduplicant
384 2934 490 3018 avidi,
508 2934 639 2999 caedem
664 2937 762 3001 caede
785 2933 1042 3012 accumulanteS‚

135 3037 283 3118 crudeles
304 3048 447 3134 gaudent
469 3049 501 3111 in
523 3049 604 3113 tristi
627 3048 738 3115 funere
760 3051 888 3134 5555555,

70 3177 78 3190 ·
137 3172 171 3232 55
193 3164 465 3249 consanguineum
489 3184 619 3230 mensas
643 3164 739 3230 odere
761 3158 954 3246 timentque.

137 3279 296 3346 consimili
318 3277 444 3344 ratione
466 3280 507 3344 ab
531 3280 643 3344 eodem
667 3298 766 3364 saepe
792 3280 905 3344 timore

77 3415 112 3463 55
138 3400 281 3460 macerat
302 3392 442 3458 invidia.
460 3400 535 3458 ante
558 3394 668 3458 oculos
691 3395 780 3458 illurn
804 3413 876 3460 5555
899 3397 1079 3477 potentem,

138 3509 228 3574 illum
251 3507 432 3592 aspecturi,
450 3510 536 3574 claro
559 3508 612 3590 qui
636 3509 755 3573 incedit
775 3508 917 3586 honore,

136 3624 200 3709 ipsi
223 3643 260 3690 55
282 3624 476 3689 intenebris
498 3623 584 3689 volvi
606 3643 771 3705 caenoque
795 3628 985 3705 queruntur.

139 3738 300 3805 intereunt
321 3739 435 3823 partim
458 3744 632 3805 statuarum
657 3745 689 3804 55
710 3738 846 3802 nominis
870 3758 968 3818 ergo.

139 3859 172 3919 55
194 3872 292 3938 saepe
314 3874 416 3936 usque
438 3853 541 3938 adeo,
558 3853 667 3918 mortis
690 3850 879 3937 formidine,
895 3852 983 3917 vitae

143 4018 259 4028 ———-
264 4021 344 4028 ...η-

145 4122 178 4171 ta
191 4119 289 4171 Inferio
309 4119 322 4190 Η
343 4126 376 4173 58
389 4122 532 4172 Eliciuutur
551 4118 565 4189 ΙΙ
585 4129 610 4172 55
623 4120 761 4173 omissum.
777 4119 788 4187 i}
804 4134 923 4170 manare.
944 4116 957 4188 Η
979 4122 1011 4170 66
1025 4118 1130 4169 tabore.
1151 4112 1165 4184 Η
1185 4117 1217 4164 66
1230 4115 1266 4164 vi·

144 4208 234 4259 detur.
255 4204 269 4279 ΙΙ
290 4212 321 4259 72
341 4210 447 4260 fratres.
469 4208 482 4278 li
505 4211 536 4258 78
556 4217 648 4260 statum

980 4343 982 4348 ·
1043 4309 1063 4372 c
