<?xml version="1.0" encoding="UTF-8"?>
<!DOCTYPE html PUBLIC "-//W3C//DTD XHTML 1.0 Transitional//EN"
    "http://www.w3.org/TR/xhtml1/DTD/xhtml1-transitional.dtd">
<html xmlns="http://www.w3.org/1999/xhtml" xml:lang="en" lang="en">
 <head>
  <title>
</title>
<meta http-equiv="Content-Type" content="text/html;charset=utf-8" />
  <meta name='ocr-system' content='tesseract 3.04.00' />
  <meta name='ocr-capabilities' content='ocr_page ocr_carea ocr_par ocr_line ocrx_word'/>
</head>
<body>
  <div class='ocr_page' id='page_1' title='image "./tlucreticarider15carugoog_0173.png"; bbox 0 0 2744 4658; ppageno 0'>
   <div class='ocr_carea' id='block_1_1' title="bbox 161 217 731 293">
    <p class='ocr_par' dir='ltr' id='par_1_1' title="bbox 161 217 731 293">
     <span class='ocr_line' id='line_1_1' title="bbox 161 217 731 293; baseline 0.005 -3"><span class='ocrx_word' id='word_1_1' title='bbox 161 231 222 293; x_wconf 81' lang='lat' dir='ltr'>rto</span> <span class='ocrx_word' id='word_1_2' title='bbox 705 217 731 280; x_wconf 84' lang='lat' dir='ltr'>V</span> 
     </span>
    </p>
   </div>
   <div class='ocr_carea' id='block_1_2' title="bbox 83 389 1119 3921">
    <p class='ocr_par' dir='ltr' id='par_1_2' title="bbox 84 389 1039 934">
     <span class='ocr_line' id='line_1_2' title="bbox 84 389 1039 475; baseline -0.01 -14"><span class='ocrx_word' id='word_1_3' title='bbox 84 416 133 461; x_wconf 80' lang='lat'>305</span> <span class='ocrx_word' id='word_1_4' title='bbox 161 399 193 459; x_wconf 91' lang='lat' dir='ltr'>et</span> <span class='ocrx_word' id='word_1_5' title='bbox 215 392 334 475; x_wconf 85' lang='lat' dir='ltr'>scurel,</span> <span class='ocrx_word' id='word_1_6' title='bbox 351 397 384 455; x_wconf 93' lang='lat' dir='ltr'>ut</span> <span class='ocrx_word' id='word_1_7' title='bbox 406 391 492 456; x_wconf 88' lang='lat' dir='ltr'>fama</span> <span class='ocrx_word' id='word_1_8' title='bbox 515 397 582 472; x_wconf 85' lang='lat' dir='ltr'>est,</span> <span class='ocrx_word' id='word_1_9' title='bbox 601 411 691 455; x_wconf 90' lang='lat' dir='ltr'>umor</span> <span class='ocrx_word' id='word_1_10' title='bbox 713 390 854 472; x_wconf 91' lang='lat' dir='ltr'>regnarit</span> <span class='ocrx_word' id='word_1_11' title='bbox 875 389 907 452; x_wconf 95' lang='lat' dir='ltr'>iu</span> <span class='ocrx_word' id='word_1_12' title='bbox 932 389 1039 453; x_wconf 83' lang='lat' dir='ltr'>arvis.</span> 
     </span>
     <span class='ocr_line' id='line_1_3' title="bbox 158 502 1029 590; baseline -0.007 -18"><span class='ocrx_word' id='word_1_13' title='bbox 158 508 242 590; x_wconf 88' lang='lat' dir='ltr'>ignis</span> <span class='ocrx_word' id='word_1_14' title='bbox 265 507 350 572; x_wconf 85' lang='lat' dir='ltr'>eninr</span> <span class='ocrx_word' id='word_1_15' title='bbox 373 511 504 587; x_wconf 87' lang='lat' dir='ltr'>superat</span> <span class='ocrx_word' id='word_1_16' title='bbox 526 512 559 570; x_wconf 91' lang='lat' dir='ltr'>et</span> <span class='ocrx_word' id='word_1_17' title='bbox 580 505 724 570; x_wconf 80' lang='lat' dir='ltr'><strong>lambens</strong></span> <span class='ocrx_word' id='word_1_18' title='bbox 746 505 848 569; x_wconf 88' lang='lat' dir='ltr'>multa</span> <span class='ocrx_word' id='word_1_19' title='bbox 870 502 1029 589; x_wconf 86' lang='lat' dir='ltr'>perussit,</span> 
     </span>
     <span class='ocr_line' id='line_1_4' title="bbox 158 619 1018 704; baseline -0.006 -18"><span class='ocrx_word' id='word_1_20' title='bbox 158 623 231 687; x_wconf 89' lang='lat' dir='ltr'>avia</span> <span class='ocrx_word' id='word_1_21' title='bbox 253 643 324 688; x_wconf 93' lang='lat' dir='ltr'>oum</span> <span class='ocrx_word' id='word_1_22' title='bbox 346 619 547 684; x_wconf 76' lang='lat' dir='ltr'>Phaethonta</span> <span class='ocrx_word' id='word_1_23' title='bbox 568 640 671 704; x_wconf 83' lang='lat' dir='ltr'>rapax</span> <span class='ocrx_word' id='word_1_24' title='bbox 694 620 741 684; x_wconf 88' lang='lat' dir='ltr'>vis</span> <span class='ocrx_word' id='word_1_25' title='bbox 764 619 842 684; x_wconf 89' lang='lat' dir='ltr'>solis</span> <span class='ocrx_word' id='word_1_26' title='bbox 865 638 1018 699; x_wconf 88' lang='lat' dir='ltr'>equomm</span> 
     </span>
     <span class='ocr_line' id='line_1_5' title="bbox 159 733 948 819; baseline -0.006 -18"><span class='ocrx_word' id='word_1_27' title='bbox 159 739 287 802; x_wconf 82' lang='lat' dir='ltr'><strong>aethere</strong></span> <span class='ocrx_word' id='word_1_28' title='bbox 310 733 449 818; x_wconf 83' lang='lat' dir='ltr'>raptavit</span> <span class='ocrx_word' id='word_1_29' title='bbox 469 739 536 798; x_wconf 92' lang='lat' dir='ltr'>toto</span> <span class='ocrx_word' id='word_1_30' title='bbox 558 740 723 815; x_wconf 87' lang='lat' dir='ltr'>terrasque</span> <span class='ocrx_word' id='word_1_31' title='bbox 746 753 804 819; x_wconf 86' lang='lat' dir='ltr'>per</span> <span class='ocrx_word' id='word_1_32' title='bbox 826 733 948 799; x_wconf 90' lang='lat' dir='ltr'>omnis:</span> 
     </span>
     <span class='ocr_line' id='line_1_6' title="bbox 160 847 940 934; baseline -0.005 -19"><span class='ocrx_word' id='word_1_33' title='bbox 160 858 194 916; x_wconf 91' lang='lat' dir='ltr'>at</span> <span class='ocrx_word' id='word_1_34' title='bbox 215 855 307 934; x_wconf 89' lang='lat' dir='ltr'>pater</span> <span class='ocrx_word' id='word_1_35' title='bbox 330 847 533 930; x_wconf 87' lang='lat' dir='ltr'>omnipotens</span> <span class='ocrx_word' id='word_1_36' title='bbox 554 848 603 912; x_wconf 91' lang='lat' dir='ltr'>ira</span> <span class='ocrx_word' id='word_1_37' title='bbox 624 853 690 912; x_wconf 92' lang='lat' dir='ltr'>tum</span> <span class='ocrx_word' id='word_1_38' title='bbox 713 849 850 932; x_wconf 74' lang='lat' dir='ltr'>percitus</span> <span class='ocrx_word' id='word_1_39' title='bbox 873 849 940 912; x_wconf 87' lang='lat' dir='ltr'>aori</span> 
     </span>
    </p>

    <p class='ocr_par' dir='ltr' id='par_1_3' title="bbox 84 961 1048 1505">
     <span class='ocr_line' id='line_1_7' title="bbox 84 961 1017 1048; baseline -0.008 -15"><span class='ocrx_word' id='word_1_40' title='bbox 84 988 134 1033; x_wconf 96' lang='lat'>400</span> <span class='ocrx_word' id='word_1_41' title='bbox 160 963 399 1048; x_wconf 83' lang='lat' dir='ltr'>magnanimum</span> <span class='ocrx_word' id='word_1_42' title='bbox 422 962 622 1026; x_wconf 82' lang='lat' dir='ltr'>Phaethonta</span> <span class='ocrx_word' id='word_1_43' title='bbox 643 963 767 1047; x_wconf 89' lang='lat' dir='ltr'>repenti</span> <span class='ocrx_word' id='word_1_44' title='bbox 789 961 931 1027; x_wconf 83' lang='lat' dir='ltr'>fulminis</span> <span class='ocrx_word' id='word_1_45' title='bbox 954 962 1017 1028; x_wconf 90' lang='lat' dir='ltr'>ictu</span> 
     </span>
     <span class='ocr_line' id='line_1_8' title="bbox 159 1075 944 1160; baseline 0 -19"><span class='ocrx_word' id='word_1_46' title='bbox 159 1077 341 1144; x_wconf 81' lang='lat' dir='ltr'>deturbavit</span> <span class='ocrx_word' id='word_1_47' title='bbox 363 1075 453 1157; x_wconf 87' lang='lat' dir='ltr'>equis</span> <span class='ocrx_word' id='word_1_48' title='bbox 475 1076 509 1140; x_wconf 93' lang='lat' dir='ltr'>in</span> <span class='ocrx_word' id='word_1_49' title='bbox 531 1082 666 1160; x_wconf 89' lang='lat' dir='ltr'>terram,</span> <span class='ocrx_word' id='word_1_50' title='bbox 683 1078 796 1158; x_wconf 86' lang='lat' dir='ltr'>solque</span> <span class='ocrx_word' id='word_1_51' title='bbox 820 1077 944 1143; x_wconf 90' lang='lat' dir='ltr'>cadenti</span> 
     </span>
     <span class='ocr_line' id='line_1_9' title="bbox 160 1191 950 1276; baseline -0.003 -19"><span class='ocrx_word' id='word_1_52' title='bbox 160 1192 275 1258; x_wconf 89' lang='lat' dir='ltr'>obvius</span> <span class='ocrx_word' id='word_1_53' title='bbox 297 1198 459 1256; x_wconf 86' lang='lat' dir='ltr'>aeternam</span> <span class='ocrx_word' id='word_1_54' title='bbox 480 1191 622 1275; x_wconf 78' lang='lat' dir='ltr'>succepit</span> <span class='ocrx_word' id='word_1_55' title='bbox 643 1191 800 1276; x_wconf 89' lang='lat' dir='ltr'>lampada</span> <span class='ocrx_word' id='word_1_56' title='bbox 822 1193 950 1275; x_wconf 85' lang='lat' dir='ltr'>mundi,</span> 
     </span>
     <span class='ocr_line' id='line_1_10' title="bbox 160 1305 1035 1390; baseline 0.001 -20"><span class='ocrx_word' id='word_1_57' title='bbox 160 1307 375 1388; x_wconf 89' lang='lat' dir='ltr'>disiectosque</span> <span class='ocrx_word' id='word_1_58' title='bbox 397 1305 520 1387; x_wconf 84' lang='lat' dir='ltr'>redegit</span> <span class='ocrx_word' id='word_1_59' title='bbox 542 1327 642 1388; x_wconf 88' lang='lat' dir='ltr'>equos</span> <span class='ocrx_word' id='word_1_60' title='bbox 664 1307 829 1389; x_wconf 82' lang='lat' dir='ltr'>iunxitque</span> <span class='ocrx_word' id='word_1_61' title='bbox 851 1306 1035 1390; x_wconf 83' lang='lat' dir='ltr'>trementis,</span> 
     </span>
     <span class='ocr_line' id='line_1_11' title="bbox 159 1420 1048 1505; baseline 0.002 -21"><span class='ocrx_word' id='word_1_62' title='bbox 159 1420 234 1485; x_wconf 89' lang='lat' dir='ltr'>iudo</span> <span class='ocrx_word' id='word_1_63' title='bbox 258 1442 349 1486; x_wconf 89' lang='lat' dir='ltr'>suum</span> <span class='ocrx_word' id='word_1_64' title='bbox 372 1441 430 1505; x_wconf 92' lang='lat' dir='ltr'>per</span> <span class='ocrx_word' id='word_1_65' title='bbox 451 1421 512 1485; x_wconf 86' lang='lat' dir='ltr'>iter</span> <span class='ocrx_word' id='word_1_66' title='bbox 533 1424 689 1488; x_wconf 89' lang='lat' dir='ltr'>recreavit</span> <span class='ocrx_word' id='word_1_67' title='bbox 710 1430 825 1487; x_wconf 88' lang='lat' dir='ltr'>cuncta</span> <span class='ocrx_word' id='word_1_68' title='bbox 846 1423 1048 1505; x_wconf 83' lang='lat' dir='ltr'>gubernans,</span> 
     </span>
    </p>

    <p class='ocr_par' dir='ltr' id='par_1_4' title="bbox 84 1538 1060 1968">
     <span class='ocr_line' id='line_1_12' title="bbox 84 1538 975 1620; baseline -0.001 -19"><span class='ocrx_word' id='word_1_69' title='bbox 84 1557 134 1603; x_wconf 81' lang='lat'>405</span> <span class='ocrx_word' id='word_1_70' title='bbox 160 1538 300 1614; x_wconf 82' lang='lat' dir='ltr'>scilicet,</span> <span class='ocrx_word' id='word_1_71' title='bbox 318 1544 351 1599; x_wconf 92' lang='lat' dir='ltr'>ut</span> <span class='ocrx_word' id='word_1_72' title='bbox 372 1546 498 1603; x_wconf 86' lang='lat' dir='ltr'>veteres</span> <span class='ocrx_word' id='word_1_73' title='bbox 521 1539 651 1602; x_wconf 85' lang='lat' dir='ltr'>Graium</span> <span class='ocrx_word' id='word_1_74' title='bbox 675 1539 819 1602; x_wconf 90' lang='lat' dir='ltr'>cecinere</span> <span class='ocrx_word' id='word_1_75' title='bbox 842 1542 975 1620; x_wconf 74' lang='lat' dir='ltr'>poetae.</span> 
     </span>
     <span class='ocr_line' id='line_1_13' title="bbox 162 1651 1060 1737; baseline 0 -23"><span class='ocrx_word' id='word_1_76' title='bbox 162 1652 247 1733; x_wconf 90' lang='lat' dir='ltr'>quod</span> <span class='ocrx_word' id='word_1_77' title='bbox 269 1654 380 1737; x_wconf 92' lang='lat' dir='ltr'>procul</span> <span class='ocrx_word' id='word_1_78' title='bbox 402 1673 422 1717; x_wconf 88' lang='lat' dir='ltr'>a</span> <span class='ocrx_word' id='word_1_79' title='bbox 444 1673 520 1718; x_wconf 86' lang='lat' dir='ltr'>vera</span> <span class='ocrx_word' id='word_1_80' title='bbox 542 1653 636 1717; x_wconf 89' lang='lat' dir='ltr'>nimis</span> <span class='ocrx_word' id='word_1_81' title='bbox 659 1658 707 1718; x_wconf 90' lang='lat' dir='ltr'>est</span> <span class='ocrx_word' id='word_1_82' title='bbox 729 1651 853 1715; x_wconf 89' lang='lat' dir='ltr'>ratione</span> <span class='ocrx_word' id='word_1_83' title='bbox 876 1651 1060 1734; x_wconf 83' lang='lat' dir='ltr'>repulsum.</span> 
     </span>
     <span class='ocr_line' id='line_1_14' title="bbox 159 1765 925 1853; baseline -0.001 -24"><span class='ocrx_word' id='word_1_84' title='bbox 159 1766 243 1847; x_wconf 87' lang='lat' dir='ltr'>ignis</span> <span class='ocrx_word' id='word_1_85' title='bbox 265 1768 347 1832; x_wconf 91' lang='lat' dir='ltr'>enim</span> <span class='ocrx_word' id='word_1_86' title='bbox 372 1788 523 1852; x_wconf 86' lang='lat' dir='ltr'>superare</span> <span class='ocrx_word' id='word_1_87' title='bbox 544 1775 651 1853; x_wconf 89' lang='lat' dir='ltr'>potest</span> <span class='ocrx_word' id='word_1_88' title='bbox 673 1766 727 1831; x_wconf 93' lang='lat' dir='ltr'>ubi</span> <span class='ocrx_word' id='word_1_89' title='bbox 750 1765 894 1831; x_wconf 90' lang='lat' dir='ltr'>materiai</span> <span class='ocrx_word' id='word_1_90' title='bbox 923 1774 925 1778; x_wconf 73' lang='lat'>‘</span> 
     </span>
     <span class='ocr_line' id='line_1_15' title="bbox 161 1882 864 1968; baseline -0.001 -23"><span class='ocrx_word' id='word_1_91' title='bbox 161 1901 200 1946; x_wconf 88' lang='lat' dir='ltr'>ex</span> <span class='ocrx_word' id='word_1_92' title='bbox 223 1882 345 1947; x_wconf 89' lang='lat' dir='ltr'>infinito</span> <span class='ocrx_word' id='word_1_93' title='bbox 368 1889 441 1949; x_wconf 88' lang='lat' dir='ltr'>sunt</span> <span class='ocrx_word' id='word_1_94' title='bbox 463 1904 599 1968; x_wconf 88' lang='lat' dir='ltr'>corpora</span> <span class='ocrx_word' id='word_1_95' title='bbox 620 1884 714 1968; x_wconf 88' lang='lat' dir='ltr'>plura</span> <span class='ocrx_word' id='word_1_96' title='bbox 736 1886 864 1964; x_wconf 84' lang='lat' dir='ltr'>coorta,</span> 
     </span>
    </p>

    <p class='ocr_par' dir='ltr' id='par_1_5' title="bbox 84 1996 919 2082">
     <span class='ocr_line' id='line_1_16' title="bbox 84 1996 919 2082; baseline -0.002 -21"><span class='ocrx_word' id='word_1_97' title='bbox 84 2016 135 2062; x_wconf 86' lang='lat'>410</span> <span class='ocrx_word' id='word_1_98' title='bbox 162 2003 192 2061; x_wconf 93' lang='lat' dir='ltr'>et</span> <span class='ocrx_word' id='word_1_99' title='bbox 212 2004 349 2082; x_wconf 87' lang='lat' dir='ltr'>pereunt</span> <span class='ocrx_word' id='word_1_100' title='bbox 371 2018 422 2064; x_wconf 87' lang='lat' dir='ltr'>res</span> <span class='ocrx_word' id='word_1_101' title='bbox 445 2007 576 2065; x_wconf 83' lang='lat' dir='ltr'>exustae</span> <span class='ocrx_word' id='word_1_102' title='bbox 597 1997 789 2063; x_wconf 87' lang='lat' dir='ltr'>torrentibus</span> <span class='ocrx_word' id='word_1_103' title='bbox 812 1996 919 2060; x_wconf 85' lang='lat' dir='ltr'>auris:</span> 
     </span>
    </p>

    <p class='ocr_par' dir='ltr' id='par_1_6' title="bbox 84 2111 939 2194">
     <span class='ocr_line' id='line_1_17' title="bbox 84 2111 939 2194; baseline -0.002 -19"><span class='ocrx_word' id='word_1_104' title='bbox 84 2131 134 2176; x_wconf 86' lang='lat'>400</span> <span class='ocrx_word' id='word_1_105' title='bbox 159 2111 233 2176; x_wconf 89' lang='lat' dir='ltr'>inde</span> <span class='ocrx_word' id='word_1_106' title='bbox 256 2114 373 2178; x_wconf 88' lang='lat' dir='ltr'>cadunt</span> <span class='ocrx_word' id='word_1_107' title='bbox 394 2116 478 2180; x_wconf 88' lang='lat' dir='ltr'>vires</span> <span class='ocrx_word' id='word_1_108' title='bbox 501 2114 611 2194; x_wconf 85' lang='lat' dir='ltr'>aliqua</span> <span class='ocrx_word' id='word_1_109' title='bbox 633 2112 757 2175; x_wconf 90' lang='lat' dir='ltr'>ratione</span> <span class='ocrx_word' id='word_1_110' title='bbox 779 2112 939 2175; x_wconf 85' lang='lat' dir='ltr'>revictae.</span> 
     </span>
    </p>

    <p class='ocr_par' dir='ltr' id='par_1_7' title="bbox 84 2216 1117 2656">
     <span class='ocr_line' id='line_1_18' title="bbox 84 2216 1000 2311; baseline -0.001 -22"><span class='ocrx_word' id='word_1_111' title='bbox 84 2245 132 2290; x_wconf 87' lang='lat'>411</span> <span class='ocrx_word' id='word_1_112' title='bbox 159 2246 249 2291; x_wconf 92' lang='lat' dir='ltr'>umor</span> <span class='ocrx_word' id='word_1_113' title='bbox 270 2229 344 2292; x_wconf 93' lang='lat' dir='ltr'>item</span> <span class='ocrx_word' id='word_1_114' title='bbox 369 2227 530 2309; x_wconf 85' lang='lat' dir='ltr'>quondam</span> <span class='ocrx_word' id='word_1_115' title='bbox 554 2216 658 2311; x_wconf 59' lang='lat' dir='ltr'>oodpit</span> <span class='ocrx_word' id='word_1_116' title='bbox 680 2245 834 2311; x_wconf 88' lang='lat' dir='ltr'>superare</span> <span class='ocrx_word' id='word_1_117' title='bbox 855 2229 1000 2302; x_wconf 75' lang='lat' dir='ltr'>oportue,</span> 
     </span>
     <span class='ocr_line' id='line_1_19' title="bbox 158 2338 1117 2425; baseline -0.001 -23"><span class='ocrx_word' id='word_1_118' title='bbox 158 2347 193 2403; x_wconf 94' lang='lat' dir='ltr'>ut</span> <span class='ocrx_word' id='word_1_119' title='bbox 214 2341 301 2407; x_wconf 84' lang='lat' dir='ltr'>fama</span> <span class='ocrx_word' id='word_1_120' title='bbox 324 2349 392 2425; x_wconf 84' lang='lat' dir='ltr'>est,</span> <span class='ocrx_word' id='word_1_121' title='bbox 409 2343 571 2406; x_wconf 91' lang='lat' dir='ltr'>homiuum</span> <span class='ocrx_word' id='word_1_122' title='bbox 593 2343 707 2407; x_wconf 87' lang='lat' dir='ltr'>multas</span> <span class='ocrx_word' id='word_1_123' title='bbox 729 2339 859 2423; x_wconf 87' lang='lat' dir='ltr'>quando</span> <span class='ocrx_word' id='word_1_124' title='bbox 882 2340 988 2404; x_wconf 90' lang='lat' dir='ltr'>obruit</span> <span class='ocrx_word' id='word_1_125' title='bbox 1008 2338 1117 2403; x_wconf 85' lang='lat' dir='ltr'>urbis:</span> 
     </span>
     <span class='ocr_line' id='line_1_20' title="bbox 159 2455 968 2539; baseline -0.001 -20"><span class='ocrx_word' id='word_1_126' title='bbox 159 2456 232 2522; x_wconf 89' lang='lat' dir='ltr'>inde</span> <span class='ocrx_word' id='word_1_127' title='bbox 255 2456 309 2520; x_wconf 91' lang='lat' dir='ltr'>ubi</span> <span class='ocrx_word' id='word_1_128' title='bbox 332 2457 380 2520; x_wconf 87' lang='lat' dir='ltr'>vis</span> <span class='ocrx_word' id='word_1_129' title='bbox 402 2457 512 2539; x_wconf 87' lang='lat' dir='ltr'>aliqua</span> <span class='ocrx_word' id='word_1_130' title='bbox 535 2459 657 2522; x_wconf 88' lang='lat' dir='ltr'>ratione</span> <span class='ocrx_word' id='word_1_131' title='bbox 681 2477 796 2522; x_wconf 84' lang='lat' dir='ltr'>aversa</span> <span class='ocrx_word' id='word_1_132' title='bbox 817 2455 968 2539; x_wconf 84' lang='lat' dir='ltr'>recessit,</span> 
     </span>
     <span class='ocr_line' id='line_1_21' title="bbox 161 2570 890 2656; baseline 0.003 -23"><span class='ocrx_word' id='word_1_133' title='bbox 161 2591 201 2634; x_wconf 82' lang='lat' dir='ltr'>ex.</span> <span class='ocrx_word' id='word_1_134' title='bbox 223 2570 345 2635; x_wconf 92' lang='lat' dir='ltr'>infinito</span> <span class='ocrx_word' id='word_1_135' title='bbox 369 2571 474 2637; x_wconf 84' lang='lat' dir='ltr'>fuerat</span> <span class='ocrx_word' id='word_1_136' title='bbox 496 2591 737 2656; x_wconf 86' lang='lat' dir='ltr'>quaecumque</span> <span class='ocrx_word' id='word_1_137' title='bbox 760 2577 890 2649; x_wconf 84' lang='lat' dir='ltr'>coorta,</span> 
     </span>
    </p>

    <p class='ocr_par' dir='ltr' id='par_1_8' title="bbox 83 2687 1022 2754">
     <span class='ocr_line' id='line_1_22' title="bbox 83 2687 1022 2754; baseline -0.006 -1"><span class='ocrx_word' id='word_1_138' title='bbox 83 2707 134 2754; x_wconf 80' lang='lat'>415</span> <span class='ocrx_word' id='word_1_139' title='bbox 161 2687 368 2752; x_wconf 88' lang='lat' dir='ltr'>constiterunt</span> <span class='ocrx_word' id='word_1_140' title='bbox 389 2688 506 2753; x_wconf 88' lang='lat' dir='ltr'>imbres</span> <span class='ocrx_word' id='word_1_141' title='bbox 530 2695 561 2753; x_wconf 92' lang='lat' dir='ltr'>et</span> <span class='ocrx_word' id='word_1_142' title='bbox 582 2688 714 2752; x_wconf 90' lang='lat' dir='ltr'>flumina</span> <span class='ocrx_word' id='word_1_143' title='bbox 736 2689 798 2751; x_wconf 89' lang='lat' dir='ltr'>vim</span> <span class='ocrx_word' id='word_1_144' title='bbox 821 2688 1022 2750; x_wconf 89' lang='lat' dir='ltr'>minuerunt.</span> 
     </span>
    </p>

    <p class='ocr_par' dir='ltr' id='par_1_9' title="bbox 158 2801 1016 3231">
     <span class='ocr_line' id='line_1_23' title="bbox 198 2801 955 2885; baseline 0 -21"><span class='ocrx_word' id='word_1_145' title='bbox 198 2801 261 2865; x_wconf 84' lang='lat' dir='ltr'>Sed</span> <span class='ocrx_word' id='word_1_146' title='bbox 285 2803 400 2885; x_wconf 88' lang='lat' dir='ltr'>quibus</span> <span class='ocrx_word' id='word_1_147' title='bbox 421 2804 475 2868; x_wconf 89' lang='lat' dir='ltr'>ille</span> <span class='ocrx_word' id='word_1_148' title='bbox 498 2804 600 2868; x_wconf 89' lang='lat' dir='ltr'>modis</span> <span class='ocrx_word' id='word_1_149' title='bbox 623 2803 785 2867; x_wconf 90' lang='lat' dir='ltr'>coniectus</span> <span class='ocrx_word' id='word_1_150' title='bbox 808 2801 955 2865; x_wconf 90' lang='lat' dir='ltr'>materiai</span> 
     </span>
     <span class='ocr_line' id='line_1_24' title="bbox 158 2914 1016 3001; baseline -0.002 -20"><span class='ocrx_word' id='word_1_151' title='bbox 158 2916 299 2982; x_wconf 84' lang='lat' dir='ltr'>fundarit</span> <span class='ocrx_word' id='word_1_152' title='bbox 320 2925 436 2982; x_wconf 85' lang='lat' dir='ltr'>terram</span> <span class='ocrx_word' id='word_1_153' title='bbox 460 2924 491 2982; x_wconf 93' lang='lat' dir='ltr'>et</span> <span class='ocrx_word' id='word_1_154' title='bbox 514 2918 638 2981; x_wconf 89' lang='lat' dir='ltr'>caelum</span> <span class='ocrx_word' id='word_1_155' title='bbox 660 2917 812 3001; x_wconf 89' lang='lat' dir='ltr'>pontique</span> <span class='ocrx_word' id='word_1_156' title='bbox 834 2914 1016 3000; x_wconf 87' lang='lat' dir='ltr'>profunda,</span> 
     </span>
     <span class='ocr_line' id='line_1_25' title="bbox 159 3031 852 3115; baseline -0.001 -18"><span class='ocrx_word' id='word_1_157' title='bbox 159 3032 237 3098; x_wconf 87' lang='lat' dir='ltr'>solis</span> <span class='ocrx_word' id='word_1_158' title='bbox 259 3033 348 3096; x_wconf 90' lang='lat' dir='ltr'>lunai</span> <span class='ocrx_word' id='word_1_159' title='bbox 370 3051 499 3113; x_wconf 86' lang='lat' dir='ltr'>cursus,</span> <span class='ocrx_word' id='word_1_160' title='bbox 518 3051 558 3095; x_wconf 83' lang='lat' dir='ltr'>ex</span> <span class='ocrx_word' id='word_1_161' title='bbox 581 3031 694 3096; x_wconf 91' lang='lat' dir='ltr'>ordine</span> <span class='ocrx_word' id='word_1_162' title='bbox 714 3052 852 3115; x_wconf 89' lang='lat' dir='ltr'>ponam.</span> 
     </span>
     <span class='ocr_line' id='line_1_26' title="bbox 158 3147 945 3231; baseline 0 -21"><span class='ocrx_word' id='word_1_163' title='bbox 158 3167 234 3211; x_wconf 89' lang='lat' dir='ltr'>nam</span> <span class='ocrx_word' id='word_1_164' title='bbox 258 3151 341 3211; x_wconf 91' lang='lat' dir='ltr'>certe</span> <span class='ocrx_word' id='word_1_165' title='bbox 362 3164 467 3228; x_wconf 89' lang='lat' dir='ltr'>neque</span> <span class='ocrx_word' id='word_1_166' title='bbox 490 3147 622 3212; x_wconf 88' lang='lat' dir='ltr'>consilio</span> <span class='ocrx_word' id='word_1_167' title='bbox 645 3147 820 3231; x_wconf 88' lang='lat' dir='ltr'>primordia</span> <span class='ocrx_word' id='word_1_168' title='bbox 841 3167 945 3211; x_wconf 90' lang='lat' dir='ltr'>rerum</span> 
     </span>
    </p>

    <p class='ocr_par' dir='ltr' id='par_1_10' title="bbox 84 3261 1119 3803">
     <span class='ocr_line' id='line_1_27' title="bbox 84 3261 1007 3345; baseline -0.005 -17"><span class='ocrx_word' id='word_1_169' title='bbox 84 3282 135 3328; x_wconf 81' lang='lat'>420</span> <span class='ocrx_word' id='word_1_170' title='bbox 160 3261 271 3326; x_wconf 87' lang='lat' dir='ltr'>ordine</span> <span class='ocrx_word' id='word_1_171' title='bbox 295 3281 329 3325; x_wconf 88' lang='lat' dir='ltr'>se</span> <span class='ocrx_word' id='word_1_172' title='bbox 353 3281 411 3327; x_wconf 86' lang='lat' dir='ltr'>suo</span> <span class='ocrx_word' id='word_1_173' title='bbox 435 3281 580 3343; x_wconf 90' lang='lat' dir='ltr'>quaeque</span> <span class='ocrx_word' id='word_1_174' title='bbox 603 3264 714 3345; x_wconf 81' lang='lat' dir='ltr'>sagaci</span> <span class='ocrx_word' id='word_1_175' title='bbox 736 3268 841 3327; x_wconf 90' lang='lat' dir='ltr'>mente</span> <span class='ocrx_word' id='word_1_176' title='bbox 864 3263 1007 3327; x_wconf 88' lang='lat' dir='ltr'>locarunt</span> 
     </span>
     <span class='ocr_line' id='line_1_28' title="bbox 161 3375 1119 3462; baseline 0.002 -24"><span class='ocrx_word' id='word_1_177' title='bbox 161 3394 219 3439; x_wconf 91' lang='lat' dir='ltr'>nec</span> <span class='ocrx_word' id='word_1_178' title='bbox 242 3395 323 3458; x_wconf 89' lang='lat' dir='ltr'>quos</span> <span class='ocrx_word' id='word_1_179' title='bbox 346 3395 494 3458; x_wconf 88' lang='lat' dir='ltr'>quaeque</span> <span class='ocrx_word' id='word_1_180' title='bbox 517 3376 633 3441; x_wconf 90' lang='lat' dir='ltr'>darent</span> <span class='ocrx_word' id='word_1_181' title='bbox 653 3384 758 3441; x_wconf 88' lang='lat' dir='ltr'>motus</span> <span class='ocrx_word' id='word_1_182' title='bbox 781 3377 933 3462; x_wconf 89' lang='lat' dir='ltr'>pepigere</span> <span class='ocrx_word' id='word_1_183' title='bbox 955 3375 1119 3460; x_wconf 84' lang='lat' dir='ltr'>profecto,</span> 
     </span>
     <span class='ocr_line' id='line_1_29' title="bbox 158 3490 1010 3583; baseline 0 -29"><span class='ocrx_word' id='word_1_184' title='bbox 158 3490 217 3554; x_wconf 90' lang='lat' dir='ltr'>sed</span> <span class='ocrx_word' id='word_1_185' title='bbox 239 3491 314 3573; x_wconf 91' lang='lat' dir='ltr'>quia</span> <span class='ocrx_word' id='word_1_186' title='bbox 335 3491 436 3555; x_wconf 91' lang='lat' dir='ltr'>multa</span> <span class='ocrx_word' id='word_1_187' title='bbox 457 3492 561 3583; x_wconf 83' lang='lat' dir='ltr'>modis</span> <span class='ocrx_word' id='word_1_188' title='bbox 585 3492 690 3559; x_wconf 89' lang='lat' dir='ltr'>multis</span> <span class='ocrx_word' id='word_1_189' title='bbox 711 3492 885 3576; x_wconf 89' lang='lat' dir='ltr'>primordia</span> <span class='ocrx_word' id='word_1_190' title='bbox 905 3511 1010 3556; x_wconf 89' lang='lat' dir='ltr'>rerum</span> 
     </span>
     <span class='ocr_line' id='line_1_30' title="bbox 160 3605 874 3702; baseline 0.003 -33"><span class='ocrx_word' id='word_1_191' title='bbox 160 3625 207 3698; x_wconf 11' lang='lat' dir='ltr'>ex*</span> <span class='ocrx_word' id='word_1_192' title='bbox 225 3605 347 3670; x_wconf 86' lang='lat' dir='ltr'>infinito</span> <span class='ocrx_word' id='word_1_193' title='bbox 370 3606 435 3670; x_wconf 89' lang='lat' dir='ltr'>iam</span> <span class='ocrx_word' id='word_1_194' title='bbox 457 3612 601 3702; x_wconf 88' lang='lat' dir='ltr'>tempore</span> <span class='ocrx_word' id='word_1_195' title='bbox 623 3607 745 3692; x_wconf 90' lang='lat' dir='ltr'>percita</span> <span class='ocrx_word' id='word_1_196' title='bbox 767 3606 874 3691; x_wconf 87' lang='lat' dir='ltr'>plagis</span> 
     </span>
     <span class='ocr_line' id='line_1_31' title="bbox 159 3720 969 3803; baseline -0.002 -19"><span class='ocrx_word' id='word_1_197' title='bbox 159 3721 420 3803; x_wconf 87' lang='lat' dir='ltr'>ponderibusque</span> <span class='ocrx_word' id='word_1_198' title='bbox 444 3721 510 3787; x_wconf 86' lang='lat' dir='ltr'>suis</span> <span class='ocrx_word' id='word_1_199' title='bbox 534 3728 726 3787; x_wconf 86' lang='lat' dir='ltr'>consuerunt</span> <span class='ocrx_word' id='word_1_200' title='bbox 748 3723 873 3787; x_wconf 90' lang='lat' dir='ltr'>concita</span> <span class='ocrx_word' id='word_1_201' title='bbox 893 3720 969 3785; x_wconf 88' lang='lat' dir='ltr'>ferri</span> 
     </span>
    </p>

    <p class='ocr_par' dir='ltr' id='par_1_11' title="bbox 84 3833 1029 3921">
     <span class='ocr_line' id='line_1_32' title="bbox 84 3833 1029 3921; baseline 0.001 -21"><span class='ocrx_word' id='word_1_202' title='bbox 84 3853 134 3901; x_wconf 79' lang='lat'>425</span> <span class='ocrx_word' id='word_1_203' title='bbox 161 3833 415 3919; x_wconf 89' lang='lat' dir='ltr'>omnimodisque</span> <span class='ocrx_word' id='word_1_204' title='bbox 438 3833 525 3902; x_wconf 91' lang='lat' dir='ltr'>coire</span> <span class='ocrx_word' id='word_1_205' title='bbox 546 3843 644 3920; x_wconf 92' lang='lat' dir='ltr'>atque</span> <span class='ocrx_word' id='word_1_206' title='bbox 667 3837 774 3902; x_wconf 90' lang='lat' dir='ltr'>omnia</span> <span class='ocrx_word' id='word_1_207' title='bbox 795 3841 1029 3921; x_wconf 86' lang='lat' dir='ltr'>pertemptare.</span> 
     </span>
    </p>
   </div>
   <div class='ocr_carea' id='block_1_3' title="bbox 160 4008 359 4018">
    <p class='ocr_par' dir='ltr' id='par_1_12' title="bbox 160 4008 359 4018">
     <span class='ocr_line' id='line_1_33' title="bbox 160 4008 359 4018; baseline 0 0"><span class='ocrx_word' id='word_1_208' title='bbox 160 4008 359 4018; x_wconf 42' lang='lat'>*—</span> 
     </span>
    </p>
   </div>
   <div class='ocr_carea' id='block_1_4' title="bbox 162 4092 1283 4270">
    <p class='ocr_par' dir='ltr' id='par_1_13' title="bbox 162 4092 1283 4270">
     <span class='ocr_line' id='line_1_34' title="bbox 164 4092 1283 4184; baseline 0 -22"><span class='ocrx_word' id='word_1_209' title='bbox 164 4116 214 4162; x_wconf 87' lang='grc'>396</span> <span class='ocrx_word' id='word_1_210' title='bbox 238 4092 365 4178; x_wconf 86' lang='lat' dir='ltr'>superavit</span> <span class='ocrx_word' id='word_1_211' title='bbox 387 4124 412 4164; x_wconf 92' lang='lat' dir='ltr'>et</span> <span class='ocrx_word' id='word_1_212' title='bbox 435 4116 538 4164; x_wconf 91' lang='lat' dir='ltr'>ambens</span> <span class='ocrx_word' id='word_1_213' title='bbox 563 4112 575 4182; x_wconf 70' lang='lat' dir='ltr'>ii</span> <span class='ocrx_word' id='word_1_214' title='bbox 601 4119 650 4165; x_wconf 79' lang='lat'>397</span> <span class='ocrx_word' id='word_1_215' title='bbox 670 4124 808 4180; x_wconf 86' lang='lat' dir='ltr'>petontana</span> <span class='ocrx_word' id='word_1_216' title='bbox 835 4112 848 4181; x_wconf 76' lang='grc' dir='ltr'>Η</span> <span class='ocrx_word' id='word_1_217' title='bbox 874 4117 923 4163; x_wconf 85' lang='grc'>399</span> <span class='ocrx_word' id='word_1_218' title='bbox 943 4130 1000 4164; x_wconf 90' lang='lat' dir='ltr'>cum</span> <span class='ocrx_word' id='word_1_219' title='bbox 1024 4110 1037 4181; x_wconf 66' lang='lat' dir='ltr'>ii</span> <span class='ocrx_word' id='word_1_220' title='bbox 1062 4116 1113 4164; x_wconf 91' lang='grc'>400</span> <span class='ocrx_word' id='word_1_221' title='bbox 1131 4113 1245 4163; x_wconf 87' lang='lat' dir='ltr'>fluminis</span> <span class='ocrx_word' id='word_1_222' title='bbox 1269 4109 1283 4184; x_wconf 85' lang='grc' dir='ltr'>ΙΙ</span> 
     </span>
     <span class='ocr_line' id='line_1_35' title="bbox 162 4198 918 4270; baseline 0.003 -20"><span class='ocrx_word' id='word_1_223' title='bbox 162 4204 213 4251; x_wconf 83' lang='grc'>405</span> <span class='ocrx_word' id='word_1_224' title='bbox 232 4212 333 4266; x_wconf 89' lang='lat' dir='ltr'>gratum</span> <span class='ocrx_word' id='word_1_225' title='bbox 353 4199 367 4270; x_wconf 80' lang='grc' dir='ltr'>ΙΙ</span> <span class='ocrx_word' id='word_1_226' title='bbox 387 4204 438 4252; x_wconf 88' lang='grc'>410</span> <span class='ocrx_word' id='word_1_227' title='bbox 457 4203 511 4250; x_wconf 86' lang='lat' dir='ltr'>Aut</span> <span class='ocrx_word' id='word_1_228' title='bbox 532 4198 544 4270; x_wconf 71' lang='grc' dir='ltr'>Η</span> <span class='ocrx_word' id='word_1_229' title='bbox 565 4205 615 4252; x_wconf 81' lang='lat'>412</span> <span class='ocrx_word' id='word_1_230' title='bbox 635 4203 724 4252; x_wconf 89' lang='lat' dir='ltr'>undis.</span> <span class='ocrx_word' id='word_1_231' title='bbox 746 4200 759 4270; x_wconf 69' lang='grc' dir='ltr'>Η</span> <span class='ocrx_word' id='word_1_232' title='bbox 779 4204 829 4253; x_wconf 78' lang='grc'>425</span> <span class='ocrx_word' id='word_1_233' title='bbox 849 4210 918 4252; x_wconf 85' lang='lat' dir='ltr'>cotrc</span> 
     </span>
    </p>
   </div>
   <div class='ocr_carea' id='block_1_5' title="bbox 0 0 1376 4658">
    <p class='ocr_par' dir='ltr' id='par_1_14' title="bbox 0 0 1376 4658">
     <span class='ocr_line' id='line_1_36' title="bbox 0 0 1376 4658; baseline 0 0"><span class='ocrx_word' id='word_1_234' title='bbox 0 0 1376 4658; x_wconf 95' lang='lat' dir='ltr'> </span> 
     </span>
    </p>
   </div>
  </div>
 </body>
</html>
