2744 4658
671 254 729 316 llll
1200 259 1259 324 119

134 423 214 506 quid
238 423 342 488 cordis
366 423 482 505 globus
504 430 560 487 aut
582 424 694 489 oculi?
710 424 785 506 quid
808 423 980 488 membra?
997 425 1072 507 quid
1097 426 1213 491 artus?

61 561 111 608 120
139 539 296 621 quantula
317 538 411 604 sunt!
429 537 505 619 quid
527 545 695 620 praeterea
716 539 894 623 primordia
917 560 1085 624 quaeque,

136 654 223 719 uodo
245 653 355 717 anima
378 658 476 735 atque
499 653 596 717 animi
621 660 743 719 constet
765 659 881 719 natura
903 658 1129 721 necessumst?

134 788 245 833 nonne
266 768 358 833 vides
380 788 477 851 quam
501 769 563 833 sint
585 769 715 833 subtilia
739 789 899 852 quamque
923 770 1072 835 minuta?

133 888 309 967 praeterea
331 903 415 965 quae
438 902 573 966 cumque
596 905 654 948 suo
678 884 718 949 de
741 904 874 969 corpore
898 885 1029 959 odorem

135 998 286 1083 expirant
308 1017 435 1081 acrem,
451 1017 614 1080 panaces,
630 999 793 1063 absinthia
815 1005 938 1083 taetra,

58 1134 110 1182 125
137 1110 372 1192 habrotonique
395 1132 511 1194 graves
534 1119 565 1176 et
586 1113 689 1178 tristia
712 1120 906 1197 centaurea,

134 1246 271 1309 quorum
292 1245 392 1290 unum
415 1226 539 1309 quidvis
562 1228 675 1293 leviter
698 1228 724 1292 si
748 1227 829 1292 forte
852 1229 977 1293 duobus

645 1392 665 1432 >s

614 1577 668 1658 qui
690 1576 822 1669 fulmine
845 1577 933 1641 claro

137 1690 246 1755 omnia
267 1710 324 1773 per
346 1691 469 1755 sonitus
492 1697 599 1779 arcet,
607 1684 731 1759 11111111
746 1743 752 1769 ‚
769 1711 876 1776 mare,
893 1694 1039 1758 caelum.

529 1846 533 1853 .
546 1824 550 1829 ’
646 1853 665 1891 'k

62 2059 114 2106 127
139 2037 213 2121 quin
234 2037 342 2123 potius
364 2057 480 2102 noscas
503 2057 609 2102 rerum
631 2038 804 2103 simulacra
826 2038 940 2122 vagari

136 2152 239 2217 multa
259 2151 365 2217 modis
388 2152 517 2230 multis,
534 2152 625 2217 nulla
648 2153 698 2238 vi,
716 2173 872 2236 cassaque
894 2154 1019 2219 sensu?

92 2318 98 2339 ,
176 2267 251 2355 [Sed
272 2286 314 2333 ne
337 2265 419 2332 forte
441 2274 535 2352 putes
559 2288 598 2333 ea
621 2268 748 2333 demum
772 2270 840 2333 sola
862 2269 995 2352 vagari,

61 2405 112 2454 130
137 2402 224 2467 quae
247 2403 382 2465 cumque
405 2383 446 2446 ab
470 2382 566 2448 rebus
586 2404 691 2448 11111111
715 2384 888 2448 simulacra
911 2382 1085 2470 recedunt,

138 2503 214 2565 sunt
235 2498 332 2564 etiam
356 2516 438 2579 quac
462 2504 576 2581 sponte
599 2518 657 2562 sua
680 2498 852 2580 gignuntur
874 2504 906 2561 11
926 2499 999 2583 ipsa

136 2614 370 2680 constituuntur
392 2613 426 2676 in
448 2612 509 2677 hoo
532 2613 644 2691 caclo,
661 2612 716 2694 qui
739 2612 854 2675 dicitur
877 2619 951 2688 aer,

61 2752 113 2799 111
137 2747 223 2812 quae
246 2728 353 2792 multis
376 2728 514 2792 formata
536 2726 640 2792 modis
664 2726 799 2791 sublime
822 2724 985 2806 feruntur,

58 2867 109 2915 111
137 2864 197 2910 nec
218 2844 358 2928 speciem
382 2850 506 2908 mutare
529 2864 621 2909 suam
643 2843 801 2926 liquentia
823 2849 951 2908 nossent

140 2965 173 3025 et
194 2960 348 3041 cuiusque
372 2959 456 3022 modi
479 2958 652 3023 formatum
675 2965 799 3024 vertere
821 2959 854 3023 in
877 2978 972 3040 oras3

63 3097 114 3146 113
140 3080 174 3140 ut
195 3075 297 3140 nubes
319 3074 414 3139 facile
437 3073 618 3138 interdum
642 3093 846 3139 concrescere
869 3075 901 3137 in
925 3074 991 3138 alto

139 3191 296 3256 cernimus
321 3195 352 3254 et
376 3189 485 3253 mundi
509 3189 649 3274 speciem
672 3188 794 3260 violare
817 3207 983 3272 serenam,

63 3328 114 3375 136
140 3313 218 3371 a'e'ra
241 3305 415 3369 mulcentes
437 3310 543 3369 motu:
559 3325 633 3368 nam
657 3324 754 3388 saepe
778 3303 953 3384 Gigantum

139 3440 198 3485 ora
219 3420 329 3484 volare
351 3419 499 3484 videntur
522 3426 554 3484 11
576 3420 722 3484 umbram
745 3420 860 3485 ducere
882 3418 967 3501 late,

139 3535 222 3601 inter
245 3534 320 3599 dum
343 3535 450 3617 magni
472 3543 596 3600 montes
619 3534 794 3615 avolsaque
818 3517 900 3599 saxa

138 3651 300 3716 montibus
323 3657 397 3716 aute
418 3651 464 3715 ire
487 3655 518 3716 et
541 3650 641 3715 solem
664 3649 836 3715 succedere
858 3653 1007 3733 praeter,

64 3788 114 3836 141
140 3764 216 3832 inde
240 3766 322 3832 alios
344 3766 469 3832 trahere
493 3772 590 3847 atque
613 3765 763 3829 inducere
785 3764 882 3830 belua
904 3763 1029 3828 nimbos
1042 3762 1072 3848 .]

64 3902 113 3951 111
180 3882 276 3947 Nunc
297 3899 337 3946 ea
359 3901 453 3964 quam
476 3881 563 3946 facili
586 3886 618 3946 et
640 3879 736 3946 cclen'
759 3879 881 3945 ratione
904 3882 1062 3960 genantur

139 4003 359 4083 perpetuoque
380 3996 482 4062 fluant
505 3999 546 4063 ab
569 3998 664 4063 rebus
686 3997 844 4082 lapsaque
868 3994 983 4063 cedant

143 4245 194 4295 141
213 4242 306 4293 horas.
327 4240 341 4310 Η
363 4244 411 4292 143
429 4252 565 4308 gerantur.
