2678 4658
642 249 700 315 ΠΗ

128 439 242 502 namque
265 439 376 485 ornnes
399 419 585 505 plerumque
609 420 725 484 eadunt
746 419 780 483 in
804 420 938 498 vulnus,
956 429 986 487 et
1008 423 1095 488 illam

72 534 220 602 touemicat
239 536 273 600 in
294 541 419 620 partem
443 535 594 620 sanguis,
611 535 696 599 unde
719 535 829 600 icimur
852 536 936 612 ictu,

121 650 186 715 etsi
208 651 384 716 cornminus
408 655 477 728 est,
495 651 617 715 hostem
636 650 734 744 ruber
758 656 891 735 occupat
914 674 1024 718 umor.

117 765 271 848 sicigitur
294 764 429 831 Veneris
452 766 506 847 qui
528 765 601 830 telis
624 765 740 849 accipit
762 766 863 850 ictus,

116 880 172 945 sive
194 900 273 964 puer
295 881 446 945 membris
469 880 679 946 muliebribus
702 879 785 944 huno
807 882 964 947 iaculatur·

112 1015 159 1060 seu
178 995 293 1059 mulier
314 1001 381 1060 toto
404 995 528 1061 iactans
551 1016 569 1061 e
592 1015 724 1078 corpore
748 1016 909 1081 amorem,

57 1110 187 1177 iucunde
210 1109 342 1187 feritur,
360 1129 398 1174 eo
421 1109 543 1194 tendit,
560 1110 719 1193 gestitque
742 1111 827 1176 coire
939 1107 942 1115 “

109 1232 135 1290 et
154 1226 261 1290 iacere
282 1244 426 1290 umorem
450 1224 482 1288 in
506 1245 620 1308 corpus
643 1225 684 1290 de
707 1245 840 1309 corpore
864 1226 1012 1290 ductum:

105 1359 238 1422 namque
261 1339 460 1423 voluptatem
483 1341 651 1424 praesagit
672 1346 761 1405 muta
784 1338 921 1424 cupido.

137 1457 226 1520 Haec
250 1456 358 1521 Venus
382 1462 430 1520 est
452 1456 565 1520 nobis:
582 1457 654 1520 hinc
678 1460 816 1519 autemst
839 1475 964 1520 momen
987 1458 1125 1537 amoris,
1171 1474 1178 1498 ⁶

104 1569 173 1635 hine
196 1570 315 1635 illaec.
332 1569 467 1654 primunr
490 1569 625 1635 Veneris
647 1569 826 1635 dulcedinis
848 1570 880 1634 in
904 1590 958 1635 cor

55 1671 92 1751 ud
103 1685 233 1750 stillavit
256 1691 367 1766 gutta,
384 1692 416 1750 et
438 1687 590 1752 successit
612 1685 729 1768 frigida
752 1706 847 1750 cura:

103 1820 171 1864 nam
197 1801 224 1864 si
250 1801 342 1866 abest
364 1801 451 1884 quod
473 1820 571 1885 aves,
588 1807 693 1885 presto
717 1801 888 1864 simulacra
910 1807 1018 1866 tamen
1041 1809 1115 1867 sunt

103 1914 179 1981 ttius
205 1920 241 1979 et
264 1935 380 1981 nornen
403 1915 495 1981 dulce
519 1917 705 1982 obversatur
728 1915 769 1979 ad
792 1916 896 1980 auris.

101 2030 151 2096 sed
174 2029 320 2120 fugitare
343 2031 436 2096 decet
458 2031 628 2096 simulacra
651 2037 682 2096 et
705 2030 824 2116 pabula
848 2031 966 2095 amoris

100 2146 281 2212 absterrere
304 2147 367 2212 sibi
390 2154 486 2229 atque
510 2147 575 2211 alio
599 2152 783 2212 convertere
804 2153 942 2211 mentem

56 2268 130 2325 met
149 2261 262 2327 iacere
286 2282 428 2327 umorem
451 2263 628 2328 conlectum
652 2263 685 2325 in
708 2281 843 2346 corpora
866 2281 1032 2345 quaeque,

100 2395 157 2442 nee
178 2376 341 2456 retinere,
358 2378 456 2443 semel
479 2397 667 2443 conversum
690 2377 784 2443 unius
806 2396 936 2462 amore,

101 2496 130 2555 et
151 2512 287 2558 servare
310 2492 371 2557 sibi
395 2513 504 2564 ernam
526 2499 710 2574 sertumque
734 2491 897 2556 dolorem:

100 2607 191 2673 uleus
215 2607 301 2671 enim
323 2608 456 2674 vivescit
478 2613 511 2673 et
533 2607 737 2674 inveterascit
759 2607 897 2682 alendo,

100 2720 194 2804 inque
219 2721 291 2789 dies
313 2723 420 2806 gliscit
440 2724 527 2794 sutor
549 2730 646 2807 atque
670 2743 802 2788 erumna
825 2723 1001 2808 gravescit,

55 2838 126 2903 ttosi
146 2858 214 2904 non
237 2838 344 2922 prima
366 2840 458 2904 novis
480 2840 650 2905 conturbes
672 2830 804 2903 volnera
825 2839 930 2924 plagis

100 2954 339 3038 volgivagaque
360 2974 463 3040 vagus
486 2955 610 3019 Venere
633 2960 707 3018 ante
730 2954 872 3019 recentia
896 2974 998 3048 cures

99 3075 154 3133 aut
176 3068 244 3133 alio
267 3069 374 3152 possis
397 3069 495 3134 animi
519 3070 688 3135 traducere
712 3075 836 3133 motus.

134 3182 206 3249 Nec
230 3185 367 3250 Veneris
389 3184 492 3250 fructu
515 3192 602 3251 caret
624 3186 652 3249 is
677 3184 731 3266 qui
752 3184 832 3248 vitat
854 3204 1016 3269 amorem,

98 3298 154 3363 sed
177 3298 288 3382 potius
311 3319 394 3382 quae
418 3306 491 3364 sunt
512 3301 580 3365 sine
603 3319 708 3385 poena
730 3298 898 3365 commoda
921 3299 1036 3365 sumit:

55 3430 172 3484 >tunam
194 3419 283 3482 certe
305 3420 416 3498 purast
439 3416 527 3482 sanis
550 3416 653 3501 magis
675 3415 749 3481 inde
772 3417 920 3498 voluptas

97 3552 192 3617 quarn
216 3529 365 3596 miseris.
381 3530 499 3595 etenim
521 3531 666 3615 potiundi
689 3537 832 3616 tempore
854 3533 887 3595 in
909 3531 980 3616 ipso

95 3643 231 3712 fluctuat
252 3645 384 3711 incertis
408 3644 568 3711 erroribus
581 3645 689 3711 ardor
712 3652 894 3729 amantum,

96 3780 156 3827 uec
177 3765 310 3828 constat
332 3759 410 3844 quid
432 3760 567 3844 primum
592 3762 693 3827 oculis
715 3761 924 3843 manibusque
946 3759 1111 3825 fruantur.

95 3876 182 3960 quod
204 3876 352 3963 petiere,
369 3883 516 3960 premunt
538 3882 628 3964 arte,
644 3877 829 3960 faciuntque
851 3874 996 3941 dolorem

99 4154 167 4204 1068
183 4166 281 4204 nomen
300 4146 317 4220 Η
339 4150 408 4202 1059
427 4149 470 4200 ille
490 4147 502 4219 ll
525 4153 589 4200 1061
611 4149 700 4202 Namst
719 4149 732 4222 ll
752 4164 819 4200 ames
839 4145 853 4218 Η
874 4151 941 4199 1065
961 4148 1102 4203 coniectum
1123 4141 1137 4215 ΙΙ
1158 4144 1224 4195 1068

96 4240 176 4297 Vm
