2744 4658
156 255 200 319 54
704 249 746 316 11·

79 441 130 488 415
156 421 187 485 in
210 441 310 486 nares
333 421 514 505 hominum,
531 442 602 486 oum
624 427 728 485 taetra
751 420 911 485 cadavera
933 427 1073 505 torrent,

158 542 282 600 etcum
306 556 403 600 scena
426 557 519 602 croco
545 537 634 602 Cilici
657 536 788 620 perlusa
808 556 920 601 recens
943 543 990 601 est

114 739 116 742 1
157 670 279 731 araque
303 650 488 716 Panchaeos
511 651 641 715 exhalat
662 658 792 735 propter
815 652 954 729 odores3

157 785 239 830 neve
261 765 366 830 bonos
387 786 490 830 rerum
513 766 616 830 simili'
632 771 780 829 constare
803 767 927 830 colores

158 880 279 944 semine
304 881 497 963 constituas,
514 881 625 944 oculos
647 879 701 960 qui
723 898 857 962 pascere
879 887 1033 965 possunt,

83 1017 133 1062 420
159 1002 190 1059 et
214 995 266 1076 qui
289 1001 496 1079 conpungunt
518 995 629 1058 aciem·
644 995 877 1075 lacrimareque
900 1003 1018 1077 cogunt

159 1115 214 1174 aut
237 1108 334 1173 foeda
355 1110 462 1193 specie
486 1109 546 1172 diri
568 1115 740 1192 turpesque
762 1109 932 1173 videntur.

77 1310 79 1314 μ
158 1224 262 1288 omnis
285 1224 388 1306 enim,
406 1244 518 1318 sensus
543 1245 628 1310 quae
644 1225 768 1288 mulcet
791 1243 944 1304 eumque,
960 1223 1062 1304 figura

161 1339 237 1401 haut
260 1339 328 1402 sine
350 1341 519 1424 principali
544 1341 652 1421 aliquo
675 1340 783 1403 levore
806 1346 963 1404 creatast:

161 1462 192 1517 at
215 1461 325 1518 contra
349 1474 430 1535 quae
454 1474 587 1535 cumque
610 1455 746 1518 molesta
769 1461 866 1536 atque
890 1475 1007 1539 aspera
1030 1461 1175 1539 constat,

87 1591 137 1636 424>
162 1589 227 1631 non
250 1568 360 1649 aliquo
384 1569 454 1632 sine
476 1570 629 1633 materiae
652 1571 801 1649 squalore
824 1576 1001 1654 repertast.

161 1690 234 1748 sunt
256 1683 352 1747 etiam
376 1704 457 1765 quae
480 1686 545 1748 iam
568 1703 629 1748 nec
651 1683 735 1747 levia
759 1684 825 1748 iure
847 1690 999 1768 putantur

163 1817 235 1863 esse
257 1819 362 1879 neque
386 1800 513 1862 omnino
536 1780 855 1863 flexis-nmoronibus
874 1818 977 1881 unca,

164 1911 221 1975 sed
244 1914 348 1995 magis
371 1913 508 1993 angellis
531 1914 661 1997 paulum
683 1914 906 1996 prostantibu’‚
924 1933 1069 1997 quaeque

164 2026 293 2091 titillare
316 2013 421 2110 magis
442 2048 553 2092 sensus
577 2048 673 2108 quam
697 2027 824 2091 laedere
847 2035 999 2111 possunt3

90 2162 140 2207 430
166 2141 272 2207 fecula
295 2145 359 2207 iam
382 2164 443 2224 quo
467 2145 507 2207 de
530 2162 648 2225 genere
671 2148 719 2206 est
740 2142 912 2235 inulaeque
935 2163 1088 2227 sapores.

166 2255 304 2337 denique
325 2258 389 2320 iam
413 2259 535 2324 calidos
557 2259 641 2341 ignis
664 2261 867 2341 gelidamque
889 2258 1036 2342 pruinam

167 2369 314 2434 dissimili
339 2372 467 2436 dentata
489 2375 585 2439 modo
609 2395 812 2458 conpungere
835 2393 948 2438 sensus

167 2486 329 2569 eorporis,
346 2488 463 2552 indicio
487 2491 579 2554 nobis
602 2499 650 2555 est
672 2498 775 2554 tactus
797 2497 951 2572 uterque.

167 2609 270 2665 tactus
293 2603 398 2684 enim,
415 2610 538 2680 tactus,
555 2627 633 2689 pro,
650 2607 756 2669 divum
779 2606 909 2669 numina
932 2609 1064 2686 sancta,
1161 2647 1167 2660 ·

93 2737 143 2782 435
170 2717 312 2800 corporis
336 2724 386 2782 est
407 2739 539 2797 sensus,
555 2722 614 2784 vel·
630 2741 700 2784 curn
722 2742 773 2785 res
798 2726 908 2784 extera
930 2738 1003 2793 sese

168 2831 324 2916 insinuat,
342 2835 392 2897 vel
416 2856 486 2899 curu
509 2836 610 2900 laedit
633 2836 771 2918 quaein
794 2855 926 2919 corpore
948 2839 1056 2899 natast

169 2953 224 3010 aut
246 2948 334 3011 iurat
355 2949 525 3030 egrediens
550 2952 699 3031 genitalis
720 2964 779 3034 per
800 2950 936 3013 Veneris
959 2969 1031 3014 res.

170 3067 266 3142 atque
289 3081 328 3125 ex
351 3064 475 3128 offensu
497 3085 567 3128 eum
589 3067 719 3130 turbant
740 3085 874 3148 corpore
896 3066 928 3127 in
951 3065 1022 3147 ipso

171 3175 314 3257 semina,
333 3177 529 3243 contundunt
551 3182 634 3244 inter
655 3201 690 3245 se
713 3181 836 3262 concita
859 3189 1008 3256 sensum3

95 3310 146 3356 440
170 3296 204 3353 ut
227 3290 255 3354 si
277 3290 356 3355 forte
379 3313 474 3357 manu
498 3296 642 3376 quamvis
664 3297 729 3359 ianr
752 3295 893 3377 eorporis
915 3294 986 3377 ipse

171 3410 237 3469 tute
259 3405 317 3469 tibi
340 3415 464 3490 partem
487 3409 583 3473 serias
606 3417 701 3491 atque
724 3409 911 3493 experiare.

172 3539 235 3600 qua
256 3528 387 3605 propter
409 3524 504 3605 longe
526 3523 648 3589 formas
672 3525 791 3588 distare
814 3528 976 3587 necessest

170 3634 353 3719 principiis,
370 3638 476 3729 varios
498 3658 581 3725 quae
603 3639 727 3723 possint
750 3637 846 3702 edere
870 3658 1004 3702 sensus.

113 3773 115 3777 ·
211 3750 357 3830 Denique
381 3739 465 3831 quae
488 3753 581 3817 nobis
604 3753 718 3818 durata
740 3774 778 3817 ac
801 3719 907 3836 spissa
928 3753 1093 3834 videntur,

172 3933 372 3941 ———

175 4056 224 4102 421
246 4054 270 4101 di
292 4049 305 4120 Η
325 4057 375 4102 422
390 4055 522 4102 videntur.
543 4053 556 4122 Η
576 4058 627 4104 423
647 4056 701 4104 Aut
715 4053 727 4123 Η
748 4057 842 4104 leviore
862 4053 876 4123 Η
896 4058 945 4102 427
966 4069 1097 4116 uncaque.
1119 4051 1131 4120 Η
1153 4056 1204 4102 428
1218 4069 1297 4117 ange-

175 4142 217 4190 liis
237 4140 250 4206 Η
271 4154 385 4203 quaeque
410 4140 549 4190 emmaum.
570 4139 583 4208 Η
603 4145 653 4191 429
679 4143 796 4192 Titiliare
817 4141 830 4211 Η
851 4145 902 4192 430
926 4142 994 4204 quod
1014 4139 1027 4208 Η
1052 4141 1185 4204 inviaeque
1204 4135 1218 4208 Η
1243 4143 1295 4191 437

175 4229 292 4292 grediens
313 4225 326 4296 Η
346 4230 397 4277 438
416 4230 470 4276 Aut
