2744 4658
241 1152 254 1163 f
431 1046 479 1128 n.
509 1044 801 1129 nnonnnr
832 1043 990 1127 onor

254 1284 371 1382 DE
416 1280 738 1381 RERUM
782 1278 1159 1384 NATURA

512 1530 654 1595 LIBER
680 1530 903 1595 TERTIUS.

143 2004 184 2113 E
206 2052 349 2118 tenebris
371 2052 468 2117 tantis
490 2057 556 2117 tam
579 2052 700 2116 clarum
724 2051 877 2117 extollere
901 2050 1010 2114 lumen

144 2167 200 2248 qni
222 2167 343 2252 primus
366 2166 496 2251 potuisti
518 2167 690 2231 inlustrans
713 2165 882 2231 commoda
904 2165 1012 2247 vitae,

144 2289 176 2349 te
197 2275 368 2363 scquor‚'o
392 2282 511 2346 Graiae
533 2281 638 2364 gentis
661 2280 779 2355 decus,
795 2286 892 2362 inque
914 2280 976 2344 tuis
999 2299 1083 2344 nunc

144 2397 219 2461 ficta
240 2397 360 2481 pedum
382 2416 467 2480 pono
490 2397 610 2481 pressis
632 2395 769 2476 vestigia
790 2396 911 2478 signis,

99 2532 117 2580 o
143 2495 278 2577 nonita
300 2510 440 2575 certandi
465 2511 599 2594 cupidus
623 2530 719 2591 qnam
742 2516 873 2593 propter
896 2528 1037 2574 amorem

143 2623 232 2706 qnod
254 2630 285 2690 tc
307 2625 425 2690 imitari
447 2645 547 2690 aveo:
566 2624 643 2706 quid
666 2623 748 2687 enirn
774 2622 947 2685 contendat
969 2621 1105 2685 hirundo

144 2739 274 2823 cycnis,
290 2747 346 2803 aut
367 2739 444 2821 quid
468 2760 541 2804 nam
564 2739 707 2803 tremulis
729 2737 839 2802 facere
862 2737 994 2800 artubus
1022 2736 1116 2799 haedi

144 2853 312 2918 consimile
334 2853 367 2917 in
390 2874 483 2918 cursu
506 2854 630 2938 possint
652 2860 684 2918 et
705 2852 798 2918 fortis
822 2852 894 2934 equi
917 2852 994 2916 vis?

144 2974 201 3043 tu,
216 2973 326 3052 pater,
342 2988 377 3033 es
399 2988 504 3033 rerum
526 2969 690 3050 inventor,
707 2972 741 3030 tn
763 2968 870 3051 patria
891 2966 985 3031 nobis

85 3103 119 3151 10
145 3081 333 3166 suppeditas
355 3087 548 3167 praecepta,
564 3083 690 3163 tuisque
714 3102 753 3145 ex
766 3133 773 3158 ‚
788 3082 926 3162 inclute,
943 3062 1080 3162 chartis,

145 3195 295 3263 floriferis
317 3204 351 3262 ut
372 3218 452 3281 apes
474 3198 506 3261 in
529 3197 662 3262 saltibus
685 3197 793 3261 omnia
813 3196 936 3268 libant,

147 3311 255 3377 omnia
276 3330 336 3376 nos
358 3311 467 3376 itidem
490 3313 691 3397 depascimur
712 3331 811 3375 aurea
832 3310 942 3393 dicta,

147 3445 267 3505 aurea,
282 3432 437 3511 perpetua
460 3445 587 3511 semper
609 3426 797 3507 dignissima
818 3426 906 3489 vite.

103 3526 130 3605 [²
146 3560 222 3607 nam
245 3541 340 3607 simul
361 3561 400 3607 ae
421 3541 503 3606 ratio
526 3548 581 3605 tna
603 3541 709 3625 coepit
730 3539 901 3605 vociferari

89 3675 122 3724 15
147 3661 297 3721 naturam
318 3677 444 3735 rerum,
461 3656 569 3721 divina
590 3662 696 3721 niente
719 3661 847 3740 coorta,

147 3769 320 3854 diffugiunt
341 3771 437 3835 animi
459 3771 760 3855 tcr1·ores‚moenia
780 3770 890 3836 mundi

147 3883 334 3971 discedunt,
350 3891 450 3950 totum
472 3886 565 3952 video
588 3906 646 3970 per
667 3885 762 3950 inane
785 3887 852 3967 geri
875 3902 947 3949 res.

147 4039 349 4051 ———--—

155 4130 168 4177 l
188 4126 211 4175 Ο
231 4123 245 4197 ΙΙ
267 4133 279 4177 7
300 4128 403 4193 Cycniis
423 4125 437 4197 ll
459 4133 486 4177 ll
508 4129 614 4179 limant.
634 4126 648 4197 Η
670 4132 701 4178 15
720 4138 849 4178 coortam.
