2678 4658
72 406 164 471 allata
186 412 287 488 atque
310 405 398 472 auris
421 405 548 472 aliunde
571 407 696 474 obiecta
717 408 851 494 alienis,

71 521 123 587 sed
144 520 267 605 pariter
293 522 397 604 prima
419 529 572 606 concepta
595 523 636 587 ab
660 524 782 604 origine
805 525 914 589 mundi

71 641 217 717 certaque
240 655 319 720 pars
342 636 430 720 eius,
447 639 540 719 quasi
562 638 655 704 nobis
678 639 842 723 membra,
858 639 1027 706 videntur.

16 770 51 818 555
70 756 232 834 praeterea
260 750 376 831 grandi
397 751 515 815 tonitru
540 771 696 817 concussa
717 760 848 837 repente

69 872 146 930 terra
169 885 270 972 supra
293 884 375 946 quae
398 885 434 928 se
457 872 530 929 sunt
551 868 689 931 concutit
710 868 818 932 55555555
839 877 948 947 5555555;

67 978 146 1061 quod
168 979 277 1045 facere
300 979 378 1044 haut
400 980 468 1044 ulla
489 986 600 1064 posset
621 981 765 1066 ratione,
783 983 844 1047 nisi
867 991 952 1049 esset

66 1095 205 1177 partibus
228 1094 324 1159 ae'riis
346 1095 454 1158 muudi
478 1096 632 1177 caeloque
655 1096 818 1161 revincta:

65 1227 133 1272 narn
157 1209 381 1274 communibus
404 1209 486 1274 inter
509 1230 543 1274 sc
565 1209 727 1275 radicibus
749 1210 883 1277 haerent

13 1340 45 1388 55
64 1344 98 1388 ex
119 1325 253 1390 ineunte
274 1343 355 1388 aevo
379 1324 546 1390 coniuncta
569 1331 665 1407 atque
688 1325 791 1389 uniter
813 1333 909 1408 apta.

61 1458 164 1504 nonne
187 1437 280 1504 vides
303 1439 398 1504 etiarn
421 1458 516 1521 quam
537 1460 654 1520 magno
677 1438 818 1523 pondere
841 1441 934 1506 nobis

59 1554 217 1619 5555555555
240 1572 356 1637 corpus
378 1553 566 1618 tenuissima
587 1552 636 1618 vis
657 1553 777 1617 animai

56 1674 229 1753 propterca
253 1668 330 1750 quia
352 1674 418 1732 55555
441 1668 610 1733 coniuncta
632 1676 729 1750 atque
752 1669 857 1734 uniter
877 1677 952 1754 apta
976 1674 1051 1738 est?

57 1783 199 1865 denique
221 1783 286 1846 55555
309 1783 393 1847 55555
419 1783 540 1866 pernici
563 1781 675 1848 tollere
698 1802 812 1867 corpus

10 1914 47 1961 555
62 1899 128 1980 quid
152 1897 242 1982 potis
264 1905 313 1962 555
333 1896 396 1962 nisi
418 1897 466 1961 vis
488 1899 605 1982 animi,
622 1917 705 1979 quae
728 1899 870 1964 membra
892 1901 1076 1982 gubernat?

56 2012 162 2078 55555555
184 2010 277 2077 vides
301 2018 455 2094 quantum
477 2013 580 2077 tenuis
602 2020 717 2076 natura
737 2010 846 2078 valere

51 2127 177 2211 possit,
196 2126 251 2191 ubi
274 2131 323 2191 555
344 2125 513 2191 coniuncta
534 2126 628 2208 gravi
651 2147 722 2190 cum
745 2147 896 2213 corpore,
913 2135 948 2194 ut
970 2138 1026 2196 555

52 2240 246 2306 coniunctus
267 2241 360 2304 terris
381 2248 413 2305 55
434 2241 527 2304 nobis
551 2248 599 2305 est
620 2243 719 2306 animi
739 2243 814 2307 vis?

90 2355 165 2421 Nec
188 2355 286 2419 nimio
309 2354 386 2419 solis
408 2355 510 2419 maior
531 2363 603 2420 rota
625 2375 683 2421 nec
706 2356 809 2421 minor
830 2358 927 2423 ardor

10 2489 28 2535 5
51 2488 128 2536 esse
149 2474 278 2554 potest,
294 2469 412 2534 nostris
434 2489 531 2552 quam
554 2471 699 2536 sensibus
722 2491 794 2536 5555
816 2472 960 2538 videtur.

51 2603 130 2649 nam
155 2583 272 2666 quibus
295 2602 314 2649 e
337 2583 450 2667 spatiis
474 2605 609 2668 cumque
631 2585 723 2668 ignes
746 2585 867 2649 lumina
889 2595 1024 2670 possunt

51 2697 185 2764 adicere
208 2702 241 2762 55
262 2696 399 2761 calidum
422 2698 716 2783 membrisadllare
739 2719 910 2781 vaporem,

50 2812 96 2877 nil
120 2831 162 2877 ea
184 2812 217 2876 in
238 2811 288 2876 bis
310 2812 485 2877 intervallis
508 2812 549 2877 de
571 2833 703 2896 corpore
726 2814 827 2876 libant

50 2925 276 3005 flammarum,
292 2926 338 2990 uil
359 2928 400 2990 ad
423 2928 563 3012 speciem
586 2935 634 2992 555
657 2928 848 2992 contractior
869 2929 974 3010 ignis.

10 3060 30 3106 ’5
51 3041 213 3126 proinde,
228 3041 317 3106 calor
340 3042 491 3123 quoniam
513 3042 591 3106 solis
614 3042 784 3124 lumenque
807 3045 971 3127 profusum

10 3175 32 3220 ·o
52 3157 245 3241 perveniunt
267 3162 393 3221 nostros
415 3156 457 3221 ad
479 3177 592 3222 sensus
616 3161 647 3221 55
669 3157 740 3220 5555
762 3159 922 3235 mulcent,

50 3269 158 3335 forma
180 3290 308 3353 quoquc
331 3271 404 3336 hinc
425 3272 502 3336 solia
524 3273 620 3339 debet
640 3275 790 3357 filumque
813 3273 933 3350 videri,

52 3385 98 3449 nil
120 3386 203 3451 adeo
225 3394 262 3451 ut
281 3386 387 3471 possis
410 3387 483 3470 plus
504 3395 560 3452 aut
581 3389 685 3454 minus
708 3390 847 3470 addere,
864 3407 961 3453 vere.

10 3517 29 3563 ’5
51 3498 285 3582 lunaquesive
307 3501 404 3564 notho
428 3501 527 3566 fertur
547 3503 619 3567 loca
642 3504 760 3569 lumine
783 3504 945 3579 lustrans,

49 3614 118 3678 aive
139 3633 230 3680 suam
254 3616 384 3698 proprio
407 3614 507 3679 iactat
530 3617 569 3680 de
593 3635 725 3700 corpore
746 3617 872 3696 luceru,

51 3728 207 3811 quidquid
228 3729 265 3793 id
287 3733 355 3812 est,
375 3729 439 3794 nilo
462 3728 562 3795 fertur·
583 3730 703 3796 maiore
725 3731 828 3813 figura

50 4030 100 4079 551
112 4043 191 4093 mpru
211 4026 226 4097 ΙΙ
248 4029 301 4087 553
314 4028 367 4077 5555
388 4025 401 4096 Η
422 4031 577 4078 55555555.
593 4027 607 4098 Η
628 4034 677 4081 558
691 4041 763 4096 rapta
776 4029 790 4099 Η
805 4034 854 4082 559
868 4033 969 4096 pernice
982 4031 997 4101 Η
1012 4035 1062 4082 560
1075 4031 1139 4094 Quis
1158 4031 1171 4099 d

50 4114 150 4167 mimae
166 4112 182 4186 ΙΙ
202 4117 257 4167 565
276 4115 423 4166 Coniuncta
442 4113 454 4182 Η
476 4120 525 4165 567
545 4119 664 4168 Adlicero
688 4117 702 4185 ΙΙ
727 4122 777 4168 568
796 4119 867 4167 Nilril
884 4120 934 4168 uisi
952 4120 1089 4168 intervallis
1109 4116 1123 4184 ss
1142 4120 1173 4167 li·

50 4200 139 4253 bunt.
158 4202 172 4274 ΙΙ
193 4205 249 4254 570
269 4202 386 4266 fulgent.
407 4201 420 4271 d
441 4208 489 4252 571
510 4205 622 4268 ilurnquc
643 4204 655 4272 d
676 4210 756 4255 574:
772 4210 839 4255 550.
861 4204 874 4273 Η
894 4210 943 4253 bili
961 4222 1007 4255 5555
