2744 4658
157 242 198 306 86
694 230 744 297 111

157 405 286 471 mobilis
309 401 457 486 egregie,
475 421 629 486 perquam
654 407 799 465 constare
821 406 985 465 necessest

83 541 133 588 205
160 517 347 603 corporibus
369 515 477 599 parvis
499 522 531 580 et
552 515 674 580 levibus
697 522 796 596 atque
819 513 983 579 rutundis.

159 652 241 717 quae
264 630 321 694 tibi
347 628 476 710 cognita
500 631 604 694 resin
626 630 754 713 multis,
772 651 791 694 o
811 630 915 713 bone,
932 629 1035 719 rebus¹

161 748 248 812 utilis
270 743 449 810 invenietur
472 749 504 809 et
527 749 706 829 opportuna
728 743 864 809 cluebit.

160 864 240 928 haec
263 855 388 943 quoque
411 879 463 925 res
487 860 582 924 etiam
605 864 747 923 naturam
771 858 898 924 dedicat
920 857 1010 943 eius',

161 998 257 1059 quam
279 976 365 1040 tenui
388 981 512 1040 constet
532 980 677 1058 textura,
696 994 855 1056 (litemque
877 975 949 1039 loco
973 994 1008 1040 se

86 1114 136 1161 200
162 1091 321 1157 contineat
344 1110 462 1174 parvo,
480 1091 507 1155 si
530 1091 632 1175 possit
655 1089 910 1171 conglomerati,

161 1205 248 1289 quod
270 1206 363 1270 sirnul
386 1211 480 1286 atque
504 1207 663 1271 horninern
686 1205 740 1269 leti
763 1225 875 1289 secure
897 1204 987 1286 quies
1011 1210 1059 1268 000

159 1321 292 1405 indepta
315 1328 412 1402 atque
435 1322 533 1386 animi
556 1328 669 1385 natura
692 1322 884 1401 animaeque
908 1320 1059 1400 recessit,

160 1437 204 1500 nil
226 1437 271 1500 ibi
294 1437 424 1501 libatum
448 1436 488 1500 de
511 1443 575 1501 toto
600 1456 732 1520 corpore
756 1455 869 1518 cernas

161 1549 204 1615 ad
227 1551 389 1634 speeiem,
406 1551 450 1614 nil
473 1551 513 1614 ad
536 1551 681 1635 pondus:
697 1571 782 1614 mors
805 1551 911 1614 omnia
933 1556 1095 1634 praestat,

86 1686 136 1734 215
162 1666 291 1730 vitalem
315 1671 442 1749 praeter
465 1685 593 1730 sensum
616 1665 819 1746 calidumque
842 1683 1015 1747 vaporem.

160 1800 237 1862 ergo
261 1779 402 1845 animam
424 1784 523 1844 totam
547 1781 712 1862 perparvis
736 1799 808 1844 esse
832 1784 996 1843 necessest

161 1895 356 1973 seminibus,
372 1914 490 1959 nexam
512 1914 570 1979 per
592 1914 690 1960 venas
713 1896 836 1959 viscera
857 1913 994 1972 nervos3

162 2031 226 2092 qua
247 2017 359 2089 tenus,
377 2012 480 2076 omnis
502 2011 557 2075 ubi
581 2031 599 2075 c
622 2016 688 2075 toto
711 2011 775 2074 iam
799 2029 933 2095 corpore
956 2009 1074 2085 cessit,

162 2127 280 2190 extima
302 2128 514 2191 membrorum
538 2127 656 2189 oirourn
678 2145 811 2189 caesura
833 2131 939 2188 tamen
962 2144 997 2188 se

87 2261 137 2307 220
161 2241 350 2304 incolumem
374 2246 516 2324 praestat
537 2260 597 2304 nec
619 2238 694 2302 defit
716 2239 867 2323 ponderis
889 2238 1007 2302 lrilunr.

161 2355 246 2436 quod
267 2375 370 2438 genus
393 2360 460 2431 est,
476 2353 592 2418 Bacchi
616 2375 685 2418 cunr
707 2355 767 2418 llos
790 2354 939 2432 evanuit,
955 2361 1010 2419 aut
1031 2374 1102 2420 cum

162 2470 290 2555 spiritus
313 2472 484 2554 unguentei
508 2470 616 2534 suavis
640 2470 766 2552 diffugit
786 2472 820 2534 in
843 2492 958 2546 auras,

161 2591 216 2651 aut
237 2585 344 2666 aliquo
368 2606 438 2650 cum
462 2587 523 2649 iarn
547 2605 642 2650 sucus
665 2587 705 2651 de
728 2607 862 2671 corpore
887 2587 1001 2652 cessit:

162 2701 205 2763 nil
229 2701 330 2764 oculis
352 2707 456 2765 tamen
481 2721 552 2766 esse
575 2702 678 2765 minor
700 2722 752 2766 res
774 2703 847 2786 ipsa
869 2701 994 2765 videtur

86 2837 135 2884 220
161 2822 332 2901 propterea
354 2837 457 2898 neque
481 2818 655 2882 detractum
680 2817 719 2880 de
742 2817 883 2899 pondere
906 2817 1096 2898 quicquam,

161 2931 190 2995 ni
215 2931 348 3007 mirum,
367 2932 441 3012 quia
463 2933 562 2995 multa
586 2932 769 3012 minutaque
792 2931 916 2996 semina
939 2953 1033 2998 sucos

160 3044 301 3108 efficiunt
323 3050 354 3108 et
377 3043 507 3108 odorem
530 3045 562 3108 in
585 3051 651 3110 toto
674 3066 807 3130 corpore
830 3046 896 3111 rei.

160 3179 259 3241 quare
282 3159 377 3223 etiam
401 3165 498 3240 atque
521 3161 617 3224 etiam
640 3162 755 3226 mentis
778 3168 924 3225 naturam
947 3162 1139 3244 animaeque

160 3273 240 3337 scire
262 3273 336 3337 licet
358 3293 512 3357 perquam
534 3275 686 3358 pauxillis
709 3295 781 3341 0000
805 3283 944 3341 creatam

85 3409 135 3455 230
160 3387 355 3465 seminibus,
372 3388 521 3470 quoniam
544 3388 671 3470 fugiens
695 3391 740 3455 nil
762 3393 914 3476 ponderis
937 3391 1061 3458 aufert.

199 3501 267 3566 Nec
288 3509 396 3565 tamen
418 3500 500 3568 haec
524 3504 658 3589 simplex
681 3507 774 3570 nobis
796 3514 909 3571 natura
929 3509 1075 3590 putanda
1096 3514 1166 3573 est.

159 3616 263 3681 tenvis
286 3616 368 3680 enirn
393 3618 550 3699 quaedam
573 3619 778 3685 moribundos
801 3620 920 3686 deserit
942 3642 1022 3687 aura

162 3730 261 3795 mixta
282 3739 422 3815 vapore,
439 3754 540 3818 vapor
562 3755 657 3818 porro
680 3735 777 3800 trahit
798 3744 873 3802 a'e'ra
895 3756 1023 3802 secum.

159 3863 219 3910 nec
241 3836 329 3910 calor
351 3853 401 3912 est
423 3848 613 3934 quisquam,
631 3850 679 3915 oui
703 3852 819 3915 mixtus
841 3873 905 3916 non
927 3852 989 3919 siet
1010 3861 1086 3919 aer:

163 4115 295 4187 2100οΗ
320 4118 369 4165 222
390 4128 517 4178 unguente
543 4115 555 4184 ll
581 4122 630 4167 227
651 4135 749 4168 rerum.
777 4120 790 4187 Η
816 4121 865 4167 ’232
886 4120 971 4168 Tenus
1000 4119 1012 4187 Η
1044 4125 1094 4173 234
1118 4124 1159 4172 cui
1182 4127 1286 4178 nonsit

162 4202 257 4252 nrixtus
276 4213 300 4253 00
319 4219 378 4252 aer.
813 4224 820 4237 ·
