2744 4658
583 297 827 369 CAPITULA
1201 297 1261 362 251

181 553 232 599 776
250 549 298 599 777
315 546 410 596 7770
429 543 551 605 3777377,
571 542 691 604 0777777
709 540 984 594 00770307777.

181 622 231 672 673
250 619 296 668 DE
314 616 427 667 EAESD
447 614 583 665 3777377..

181 694 232 742 577
250 690 297 738 DE
315 685 461 737 77707773
472 723 490 739 ..

181 764 231 812 376
251 757 467 811 0077077777
483 756 566 806 7337
583 757 722 807 7700777.

181 833 231 882 777
249 830 297 880 DE
315 828 419 879 70073
437 827 664 878 7770777773.

181 903 231 952 733
250 900 324 962 77777
342 898 443 949 773773
461 897 534 949 77077
552 898 708 959 7777777,
727 895 848 945 700777
866 892 1051 943 77777777.

182 1045 232 1093 633
252 1041 372 1103 077777
389 1040 476 1088 ALIA
495 1037 589 1088 ALIIS
608 1035 814 1088 EODEEAEIA
833 1034 930 1084 3777.

182 1115 232 1162 673
252 1112 299 1160 DE
317 1110 452 1161 ODOEE.

183 1185 232 1231 777
252 1182 299 1230 DE
315 1181 421 1230 ANIMI
439 1180 556 1230 MOTU.

184 1255 233 1302 773
252 1251 372 1313 0777737
390 1250 487 1313 077077
505 1249 672 1298 7777777777
691 1250 824 1299 STATIM
844 1245 1062 1300 0007777773.

183 1325 233 1374 336
253 1321 354 1371 777773
370 1320 505 1372 0077703
524 1320 688 1371 7777077777
700 1321 813 1371 777773
826 1318 907 1370 7337
920 1317 1018 1367 77777
1031 1315 1133 1378 QUAM
1146 1314 1268 1365 70777777

182 1466 231 1513 377
251 1464 299 1513 DE
318 1462 433 1527 [77077
452 1459 695 1521 7777707777-
709 1461 780 1512 Eoo
798 1461 863 1511 EST
880 1460 944 1525 DE]
962 1455 1203 1508 AMBDLANDO.

183 1537 230 1585 307
251 1533 299 1582 DE
318 1531 451 1591 3077770,
471 1529 585 1595 [QUEM
604 1531 785 1581 ADMODUM
804 1530 922 1595 7777]

183 1608 232 1655 367
251 1603 299 1652 DE
318 1569 476 1653 30777773

166 1679 233 1726 7030
252 1675 299 1723 DE
318 1671 430 1722 777773
448 1670 627 1720 77777773

350 1743 424 1792 7777
441 1741 594 1791 77707777
612 1742 696 1791 07777
714 1742 762 1790 DE
779 1742 901 1791 RERUM
920 1740 1066 1789 NATURA
1152 1738 1155 1743 ·

397 1812 462 1861 EID.
481 1812 535 1861 IIII
551 1812 730 1872 EXPLICIT
747 1812 881 1862 INCIPIT
899 1811 966 1861 777.
984 1811 1017 1858 v

166 1884 199 1944 v,
220 1920 225 1931 .
255 1882 342 1932 77773
360 1882 555 1932 7077777773
568 1849 758 1931 DEDED1sSE
772 1882 833 1944 0777
848 1881 1066 1932 3777777777
1078 1876 1270 1927 7777777777

255 1952 356 2014 QUAM
374 1953 537 2003 07777777
555 1952 713 2002 7777777777
732 1952 938 2004 7770777777.

203 2026 235 2073 33
254 2023 400 2072 77777777
418 2022 584 2073 77777777
602 2023 700 2072 ESSE.

201 2096 234 2143 67
253 2093 408 2143 7777777777
426 2093 471 2142 77
487 2092 614 2143 77777777
632 2094 677 2143 77
696 2092 895 2143 7707777777
912 2090 1009 2142 ESSE.

203 2167 233 2214 76
253 2165 301 2215 DE
319 2163 417 2214 30773
435 2164 481 2212 77
499 2163 618 2215 LUNAE
637 2163 767 2214 0777377.

201 2238 232 2284 37
252 2235 351 2283 777737
368 2233 514 2284 07777777
533 2235 679 2284 7777777
697 2233 932 2284 7777777777.

185 2307 233 2352 737
254 2303 398 2352 7777777777
416 2305 461 2353 77
479 2304 625 2354 77777777
643 2305 715 2355 77077
734 2304 839 2354 POSSE
857 2303 936 2353 SINE
953 2300 1115 2354 00770777
1132 2300 1229 2350 7337.

187 2375 234 2422 776
253 2372 409 2422 7777777777
427 2372 500 2423 7707
518 2374 598 2425 7337
616 2377 664 2424 AB
682 2374 740 2424 DIS
759 2374 1028 2425 00773777777777.

186 2445 236 2493 700
256 2441 407 2509 [DIVISIO
425 2444 566 2494 777777
583 2447 652 2495 777
672 2446 826 2510 77777777]

185 2517 235 2563 740
255 2514 341 2576 07707
359 2514 449 2564 PARS
467 2515 606 2566 NATIVA
623 2516 693 2579 377,
713 2516 837 2567 7077777
856 2513 1022 2566 7777777777
1039 2512 1137 2563 7337.

184 2588 233 2635 777
253 2585 301 2634 DE
320 2584 455 2635 EEEEA.

186 2658 235 2705 767
255 2656 303 2705 DE
321 2654 436 2726 70777.

185 2729 235 2776 773
254 2728 302 2776 DE
320 2718 415 2778 AEEE
433 2725 512 2776 SIVE
530 2727 664 2776 7777777

183 2800 231 2847 737
252 2798 300 2846 DE
318 2798 394 2848 70777
413 2797 458 2845 77
477 2796 582 2848 3077

183 2870 234 2916 737
252 2868 300 2916 DE
318 2868 490 2918 LAMPADE
508 2868 554 2916 77
572 2868 755 2918 77707777

184 2939 234 2986 306
253 2937 301 2985 DE
318 2937 518 2996 AEDIEICIIS,
538 2938 637 2998 QUEM
655 2939 838 2990 ADMODUM
856 2934 1075 2989 7777777777.

72 3018 84 3053 7
185 3009 236 3056 324
255 3007 375 3069 QUARE
393 3006 530 3055 NATIVA
551 3006 665 3055 OMNIA
683 3009 810 3061 DICAT.

185 3079 233 3126 351
254 3078 373 3139 QUARE
390 3076 614 3126 AETERNITAS
632 3077 714 3127 ESSE
732 3078 869 3129 POSSIT.

185 3149 234 3196 376
253 3147 299 3197 ΕΤ
317 3148 455 3198 NATIVA
474 3146 568 3207 ESSE,
587 3147 678 3213 [CUM
696 3147 776 3199 SINT
794 3148 982 3199 MORTALIA
994 3148 1017 3212 .]

184 3220 233 3266 397
253 3218 299 3267 DE
318 3217 506 3268 PHETONTE
524 3217 622 3268 SOLIS
641 3219 752 3270 EILIO.

183 3290 234 3338 419
254 3288 363 3339 ORIGO
382 3287 499 3337 MUNDI
516 3288 562 3338 ET
581 3287 742 3339 OMNIUM.

182 3362 231 3408 471
252 3359 299 3408 DE
318 3359 416 3409 SOLIS
434 3359 479 3407 ET
498 3358 617 3408 LUNAE
633 3359 883 3410 MAGNITUDINE
902 3360 964 3425 [ET
982 3358 1083 3409 MOTU
1101 3357 1236 3418 EORUM,

252 3430 298 3478 ET
317 3429 415 3490 QUEM
433 3428 616 3478 ADMODUM
634 3429 880 3496 NASOUNTUR].

185 3501 236 3548 664
254 3500 301 3548 DE
320 3499 417 3550 SOLIS
436 3499 703 3549 MAGNITUDINE.

186 3605 231 3616 ...
252 3570 300 3618 DE
319 3569 432 3619 LUNA.

185 3639 236 3689 590
254 3640 301 3688 DE
319 3640 461 3691 CALORE
478 3638 592 3689 SOLIS.

184 3711 232 3759 621
253 3710 450 3762 DEMOCRITI
467 3710 514 3758 DE
533 3709 638 3760 SOLE.

183 3783 233 3831 679
253 3781 301 3830 DE
319 3781 438 3832 LUNAE
457 3779 587 3831 OURSU,

184 3852 235 3901 663
253 3852 301 3900 Ex
318 3852 383 3902 IDA
402 3849 496 3901 VISIO
516 3849 631 3900 SOLIS.

184 3922 234 3971 680
252 3922 299 3971 DE
316 3922 378 3972 DIE
396 3920 516 3972 LONGO
534 3920 580 3969 ET
598 3920 715 3971 NOCTE
732 3921 856 3971 BREVI.

185 3992 234 4041 705
252 3992 300 4040 DE
318 3993 437 4043 LUNAE
456 3990 608 4043 LUMINE.

185 4063 233 4110 737
252 4063 299 4111 DE
318 4064 405 4112 ANNI
422 4060 663 4113 TEMPORIBUS.

183 4169 230 4181 ...
253 4133 301 4182 DE
318 4133 469 4184 EOLIPSI.

183 4206 234 4252 774
252 4203 300 4252 DE
317 4203 415 4253 SOLIS
434 4205 479 4253 ET
496 4205 616 4256 LUNAE
634 4202 869 4255 OEEECTIONE.

184 4276 235 4325 780
253 4273 301 4322 DE
319 4273 502 4324 NOVITATE
520 4275 636 4325 MUNDI
654 4275 699 4326 ET
718 4272 964 4324 DISPOSITIONE
982 4274 1104 4325 RERUM
1122 4273 1218 4335 QUAE
1236 4273 1273 4322 IN
