2744 4658
172 229 232 293 196
715 222 744 286 V

168 394 296 477 nubila,
314 394 383 477 sol,
398 393 536 477 imbreS,
554 394 627 477 nix,
645 394 750 470 venti,
766 394 921 478 fulmina,
940 394 1085 478 grando,

168 516 198 574 et
219 508 322 593 rapidi
344 507 509 592 fremitus,
527 514 559 574 et
580 529 741 573 murmura
764 529 884 591 magna
905 509 1084 575 minarum.

163 608 232 689 ΓΟ
255 644 356 708 genus
378 623 492 689 infelix
514 624 708 708 humanum,
725 623 805 689 talia
828 623 910 689 divis

85 762 151 809 1191)
169 761 240 805 cum
263 740 372 803 tribuit
394 739 480 804 facta
501 748 598 822 atque
620 741 686 804 iras
710 739 857 803 adiunxit
878 740 1034 805 acerbas!

167 862 303 938 quantos
326 860 391 918 tum
415 857 551 938 gemitus
573 855 635 939 ipsi
659 855 740 939 sibi,
758 863 943 938 quantaque
966 855 1059 919 nobis

141 1040 150 1051 ¹-
164 973 315 1054 volnera,
332 991 412 1053 quas
434 971 584 1036 lacrimas
606 990 761 1055 peperere
783 971 948 1037 minoribu’
971 972 1109 1037 nostris!

168 1107 227 1152 nec
250 1087 355 1172 pietas
377 1088 474 1151 ullast
496 1088 636 1152 velatum
658 1106 758 1171 saepe
781 1086 881 1151 videri

167 1203 284 1268 vertier
305 1201 348 1266 ad
371 1203 513 1286 lapidem
536 1208 633 1285 atque
658 1204 760 1266 omnis
783 1202 938 1267 accedere
962 1202 1003 1266 ad
1026 1222 1121 1288 aras,

85 1338 150 1385 1200
166 1338 226 1382 nec
246 1319 454 1403 procumbere
476 1318 562 1382 humi
586 1325 778 1403 prostratum
801 1324 833 1383 et
854 1320 997 1402 pandere
1019 1318 1147 1403 palmas

169 1439 244 1499 ante
266 1434 361 1498 deum
384 1435 537 1512 delubra,
555 1455 612 1499 uec
635 1455 709 1499 aras
730 1435 885 1516 sauguine
909 1435 1005 1499 multo

167 1556 320 1633 spargere
343 1549 607 1633 quadrupedum,
624 1570 684 1615 nec
706 1551 789 1616 votis
811 1557 939 1614 nectere
962 1555 1057 1633 vota,

168 1664 225 1729 sed
249 1685 342 1746 mage
366 1671 481 1748 pacata
504 1684 599 1749 posse
622 1665 731 1730 omnia
753 1671 858 1730 mente
880 1666 981 1729 tueri.

166 1802 239 1845 nam
264 1801 334 1844 cum
358 1782 547 1864 suspicimus
571 1780 681 1862 magni
704 1781 860 1845 caelestia
884 1779 993 1843 mundi

85 1917 150 1964 reos
166 1898 305 1981 templa,
323 1917 419 1980 super
441 1897 606 1978 stellisque
628 1897 817 1961 micantibus
840 1897 972 1963 aethera
992 1894 1110 1978 fixum,

169 2019 199 2076 et
221 2013 309 2077 venit
331 2012 363 2075 iu
388 2019 525 2077 mentem
549 2012 626 2077 solis
649 2013 807 2093 lunaeque
831 2012 973 2097 viarum,

165 2134 240 2192 tunc
262 2128 335 2191 aliis
358 2148 514 2212 oppressa
534 2128 626 2192 malis
648 2130 681 2191 in
704 2135 834 2211 pectora
857 2146 933 2190 cura

166 2244 223 2307 illa
246 2263 371 2324 quoque
395 2242 654 2327 expergefactum
678 2249 773 2326 caput
795 2242 919 2322 erigere
941 2240 1028 2325 infit,

166 2376 206 2422 ne
230 2377 312 2438 quae
335 2356 417 2422 forte
441 2359 535 2424 deum
560 2359 651 2423 nobis
674 2359 820 2422 inmensa
841 2362 987 2441 potestas

84 2492 150 2538 1210
167 2473 226 2555 sit,
243 2473 330 2536 vario
353 2480 439 2539 motu
464 2494 547 2556 quae
571 2472 710 2539 candida
732 2473 839 2538 sidera
861 2478 986 2538 verset:

165 2592 298 2671 temptat
320 2589 403 2654 eninr
428 2588 556 2653 dubiam
580 2596 719 2654 mentem
741 2588 874 2653 rationis
897 2593 1046 2671 egestas,

167 2722 287 2785 ecquae
310 2723 383 2768 nam
408 2702 504 2767 fuerit
526 2704 637 2767 mundi
661 2704 812 2785 genitalis
835 2703 945 2786 origo,

167 2825 198 2881 et
219 2818 312 2882 simul
335 2836 456 2900 ecquae
479 2819 519 2882 sit
541 2819 633 2902 linis,
652 2840 713 2901 quo
738 2820 781 2882 ad
805 2819 932 2883 moenia
955 2818 1065 2883 mundi

164 2932 293 2997 solliciti
314 2940 417 2997 motus
439 2930 523 2996 huuc
544 2935 668 3015 possint
690 2933 775 2999 ferre
797 2934 963 3010 laborem,

84 3068 149 3114 1215
167 3067 209 3113 an
232 3047 382 3111 divinitus
407 3053 539 3110 aeterua
562 3047 681 3112 donata
704 3050 809 3114 salute

165 3167 320 3246 perpetuo
343 3162 467 3245 possint
489 3163 560 3227 aevi
584 3164 728 3229 labentia
749 3170 852 3229 tractu

164 3276 296 3341 inmensi
320 3276 445 3342 validas
468 3279 540 3342 aeri
563 3286 767 3345 contemnere
789 3280 885 3344 viris.

163 3400 330 3479 praeterea
353 3395 402 3457 cui
425 3414 488 3458 non
512 3395 636 3459 animus
660 3396 829 3461 lbrruidine
852 3394 960 3460 divum

165 3507 377 3586 contrahitur,
395 3510 445 3574 cui
467 3530 532 3575 non
554 3518 725 3596 correpunt
749 3514 892 3576 membra
914 3530 1054 3597 pavore,

82 3645 149 3691 12211
165 3623 307 3689 fulminis
331 3625 472 3689 horribili
497 3645 566 3689 cum
589 3626 687 3709 plaga
709 3627 832 3692 torrida
853 3626 949 3692 tellus

164 3738 330 3803 contremit
352 3747 383 3804 et
406 3761 553 3824 magnum
577 3748 764 3823 percurrunt
786 3761 949 3806 murmura
972 3741 1125 3807 caelum?

164 3875 229 3919 nou
252 3855 364 3940 populi
385 3863 565 3938 gentesque
588 3864 745 3941 tremunt,
764 3876 922 3941 regesque
944 3856 1074 3941 superbi

169 4132 234 4177 1192
254 4129 360 4179 flumina
379 4127 393 4198 Η
416 4133 549 4180 1198111111
567 4133 700 4183 velatumst
720 4132 732 4199 ΙΙ
756 4135 821 4182 1203
841 4134 942 4196 placata
963 4130 976 4201 ll
998 4136 1065 4183 1208
1084 4136 1167 4199 eriget
1188 4132 1201 4205 Η
1224 4140 1292 4186 1214

167 4217 199 4264 Et
217 4217 288 4266 taciti
308 4214 323 4286 Η
346 4221 412 4268 1220
433 4220 544 4267 Fulmiui
566 4216 579 4287 Η
602 4224 665 4269 1221
687 4237 815 4271 murmure
