2744 4658
160 226 220 290 138
423 179 428 187 ’
688 216 746 282 1111

83 413 132 458 acc
158 413 220 454 nou
243 398 411 475 penetrat,
427 412 491 474 qua
514 411 577 453 vox
598 390 694 470 volgo
718 391 901 471 sonitusque
922 389 1085 454 feruntur.

156 527 253 588 quare
274 508 368 571 ctiam
393 507 479 588 quod
503 505 567 570 olet
590 525 653 568 non
677 511 741 568 tarn
764 503 861 569 facile
885 525 957 570 esse
979 504 1104 570 videbis

156 622 353 703 investigare
377 623 409 685 in
433 641 496 703 qua
518 620 559 684 sit
580 619 713 703 regione
736 620 896 683 iocatum:

156 736 334 816 refrigescit
357 738 440 801 eninr
463 734 641 800 cunctando
664 735 763 817 plaga
784 754 842 818 per
865 754 981 818 auras,

158 870 216 916 neo
239 851 345 915 calida
367 852 409 915 ad
432 870 562 916 sensunr
585 850 755 914 decurrunt
778 849 887 913 nuntia
909 869 1031 914 rerum.

85 987 132 1032 roo
159 972 264 1030 errant
287 986 385 1050 saepe
408 986 505 1031 canes
526 967 635 1047 itaque
659 971 690 1027 ct
705 964 847 1047 ¹vestigia
871 970 1047 1046 quaerunt.

198 1080 281 1167 [Nec
302 1087 408 1146 tarnen
433 1083 494 1146 hoc
516 1081 593 1146 solis
615 1081 648 1143 in
672 1079 823 1145 odoribus
846 1088 941 1161 atquc
964 1099 1117 1163 saporum

157 1195 190 1257 in
212 1204 381 1277 generem,
398 1196 455 1261 sed
478 1197 552 1261 item
577 1196 701 1279 specics
722 1216 826 1260 rerum
849 1201 946 1277 atque
965 1196 1090 1260 colores

158 1330 222 1372 uon
245 1311 289 1374 ita
312 1312 502 1376 conveniunt
525 1311 566 1375 ad
590 1329 703 1374 sensus
726 1311 872 1375 omnibus
895 1330 1024 1387 omnes,

157 1430 276 1488 utnon
299 1427 360 1490 sint
383 1427 453 1490 aliis
478 1425 636 1509 quaedam
661 1426 765 1505 magis
788 1425 874 1490 acria
897 1424 987 1488 visu.

84 1558 132 1603 710
157 1539 232 1618 quin
256 1541 351 1604 etiam
375 1542 516 1624 gallum,
534 1546 660 1604 noctem
683 1539 950 1621 explaudentibus
972 1539 1033 1604 alis

156 1673 305 1719 auroram
329 1656 419 1721 clara
442 1660 626 1720 consuetum
650 1674 728 1718 voce
750 1673 886 1738 vocare,

158 1763 263 1834 noenu
286 1777 406 1852 queunt
427 1770 531 1834 rabidi
554 1775 665 1835 contra
687 1774 836 1834 constare
858 1769 969 1834 leones

156 1883 252 1966 inque
275 1886 375 1950 tueri:
392 1886 437 1949 ita
460 1885 609 1951 continuo
632 1885 806 1950 meminere
829 1884 936 1969 fugai,

156 1999 187 2062 ni
209 2001 340 2085 mirum,
359 2001 435 2082 quia
457 2005 531 2066 sunt
553 2001 709 2081 gallorum
732 2001 764 2063 in
788 2020 921 2084 corpore
944 2000 1105 2081 quaedam

82 2138 130 2184 715
156 2116 300 2200 semina,
322 2137 405 2199 quac
427 2137 495 2180 curn
519 2122 592 2180 sunt
615 2114 716 2178 oculis
738 2114 870 2178 inmissa
892 2116 1042 2194 leonum,

155 2232 297 2316 pupillas
320 2232 402 2297 inter
424 2230 549 2293 fodiunt
571 2249 742 2310 acremque
766 2229 910 2294 dolorem

155 2347 330 2430 praebent,
347 2352 381 2409 ut
403 2351 562 2428 nequeant
584 2350 695 2409 contra
717 2343 834 2408 durare
857 2345 1001 2431 feroces3

156 2482 225 2526 curn
249 2466 356 2525 tame-n
379 2462 461 2526 haec
482 2470 608 2526 nostras
631 2460 719 2525 acies
742 2461 787 2523 nil
809 2461 937 2526 laedere
960 2461 1103 2545 possint,

157 2582 214 2640 aut
237 2576 312 2657 quia
334 2597 399 2641 non
420 2582 607 2660 penetrant,
625 2581 678 2640 aut
701 2574 786 2657 quod
808 2576 1047 2660 penetrantibus
1070 2576 1135 2640 iilis

84 2713 132 2759 rao
157 2691 261 2755 exitus
284 2711 323 2756 ex
347 2693 447 2756 oculis
470 2691 552 2756 liber
576 2691 686 2776 datur,
704 2693 737 2755 in
759 2691 951 2757 remorando

158 2806 288 2871 laedere
310 2828 350 2872 ne
370 2807 495 2891 possint
518 2826 557 2870 ex
580 2807 646 2869 ulla
668 2806 789 2868 lumina
811 2812 903 2888 parte
916 2804 939 2892 .]

196 2921 288 2986 Nunc
309 2941 391 3006 age,
409 2941 492 3002 quae
515 2924 667 2985 moveant
689 2921 828 2984 animum
851 2939 901 2986 res
924 2921 1055 3005 accipe,
1072 2927 1103 2986 et
1125 2921 1211 2987 unde

159 3055 241 3117 quae
264 3035 393 3099 veniunt
415 3034 544 3099 veniant
565 3036 597 3098 in
620 3041 758 3100 mentem
780 3039 909 3120 percipe
931 3036 1064 3120 paucis.

157 3151 318 3234 principio.
338 3150 397 3214 boc
420 3150 512 3235 dico,
530 3171 633 3216 rerum
658 3151 830 3216 simulacra
851 3151 962 3234 vagari

83 3286 132 3332 aaa
158 3265 258 3328 multa
280 3263 383 3328 modis
406 3266 512 3331 multis
534 3266 566 3330 in
590 3272 719 3331 cunctas
743 3266 883 3347 undique
906 3266 1007 3349 partis

158 3379 283 3463 tenvia,
302 3400 383 3463 quae
407 3380 503 3445 facile
525 3381 607 3445 inter
630 3401 665 3446 se
687 3380 859 3465 iunguntur
880 3380 915 3443 in
937 3380 1044 3463 auris,

159 3494 255 3560 obvia
278 3515 347 3559 cum
370 3496 521 3573 veniunt,
537 3502 571 3558 ut
593 3516 712 3560 aranea
735 3496 924 3578 bratteaque
947 3495 1037 3560 ariri.
1137 3527 1142 3536 ·

159 3611 278 3694 quippe
301 3610 417 3676 etenim
440 3610 539 3675 multo
562 3611 666 3692 magis
688 3610 766 3674 haec
789 3616 862 3675 sunt
883 3611 991 3675 tenvia
1013 3616 1102 3675 textu

159 3745 256 3808 quam
280 3746 360 3807 quae
382 3725 561 3811 percipiunt
583 3727 693 3790 oculos
715 3725 882 3808 visumque
903 3725 1085 3802 lacessunt,

85 3863 134 3910 rao
160 3843 302 3927 corporis
324 3841 406 3908 haec
429 3841 580 3924 quoniam
602 3846 770 3926 penetrant
791 3860 850 3925 per
872 3861 944 3904 rara
958 3889 970 3918 ‚,
983 3839 1130 3923 cientque

128 3928 138 3948 ⁸
158 3963 284 4024 tenvem
308 3957 405 4022 animi
427 3965 571 4022 naturam
593 3957 677 4020 intus
700 3976 893 4039 sensumque
916 3956 1095 4021 lacessunt.

163 4207 212 4255 710
226 4204 292 4270 Qum
309 4200 322 4271 11
342 4203 553 4272 explaudentibus
574 4199 586 4269 11
609 4201 657 4250 ili
672 4202 754 4271 rapidi
774 4198 787 4271 Η
810 4205 858 4251 719
872 4202 937 4251 ilus.
959 4199 971 4271 11
994 4202 1118 4250 12111111
1138 4197 1151 4269 ΙΙ
1174 4202 1279 4251 13011111
