2744 4658
713 278 730 343 1

158 463 208 524 est
229 456 347 541 igitur,
369 454 403 517 ni
424 452 560 527 mirum,
584 450 616 514 id
639 444 727 531 quod
747 446 875 543 ratione·
893 445 1003 529 sagaci

157 573 360 656 quaerimus,
386 570 559 634 admixtum
586 566 699 639 rebus,
723 560 808 645 quod
829 561 925 626 inane
948 580 1121 624 vocamus.

85 711 136 756 aro
202 687 284 751 lllud
307 686 340 749 in
363 684 412 748 his
434 684 529 748 rebus
551 701 592 746 ne
615 687 645 744 tc
669 662 829 744 deducere
851 696 928 743 vero
1135 675 1140 683 '

158 803 275 887 possit,
301 799 386 881 quod
411 798 538 880 quidam
562 796 702 877 fingunt,
725 810 929 875 praecurrere
950 811 1076 874 cogor..

158 916 270 982 cedere
294 912 508 997 squamigeris
530 913 642 976 latices
665 912 838 976 nitentibus
861 910 950 974 aiunt

157 1038 189 1118 et
210 1031 350 1113 liquidas
373 1031 496 1114 aperire
519 1028 607 1105 vias,
632 1029 708 1109 quia
730 1032 802 1110 post
824 1027 896 1090 loca
918 1028 1022 1109 pisces

156 1147 321 1229 linquant,
346 1167 408 1228 quc
432 1144 554 1227 possint
577 1143 725 1209 sedentes
749 1141 907 1207 confluere
930 1140 1055 1204 undae:

86 1284 136 1330 am
159 1262 206 1326 sic
227 1260 308 1325 alias
330 1279 456 1342 quoque
479 1278 529 1322 res
552 1258 632 1321 inter
655 1278 690 1322 se
714 1277 809 1339 posse
832 1256 951 1319 moveri

160 1386 192 1441 et
213 1381 334 1440 mutare
360 1376 487 1445 locum,
512 1373 657 1452 quamvis
681 1374 744 1437 sint
767 1373 873 1436 onmia
896 1372 1011 1453 plena.

162 1491 300 1567 scilicet,
323 1490 356 1554 id
380 1488 463 1553 falsa
485 1494 583 1551 totum
608 1488 732 1552 ratione
756 1491 966 1570 receptumst.

159 1627 233 1670 nam
258 1625 318 1687 quo
343 1603 536 1685 squamigeri
559 1609 707 1686 poterunt
729 1603 903 1687 procedere
924 1599 1077 1677 tandem,

159 1722 190 1785 ni
213 1719 351 1804 spatium
374 1718 519 1783 dederint
541 1718 681 1783 latices?
705 1719 880 1783 concedere
903 1736 999 1801 porro

87 1857 138 1903 380
161 1857 223 1916 quo
246 1839 393 1918 poterunt
414 1834 540 1907 undae,
565 1854 636 1898 crim
658 1835 762 1917 pisces
784 1833 830 1896 ire
853 1828 1056 1911 nequibunt?

163 1955 216 2011 aut
237 1949 331 2029 igiter
351 1956 437 2014 motu
459 1950 681 2032 privandumst
705 1968 839 2030 corpora
863 1964 1029 2028 quaeque,

162 2068 218 2126 aut
240 2081 311 2127 esse
333 2063 506 2127 admixtum
531 2060 732 2126 dicundumst
754 2063 847 2126 rebus
869 2065 986 2139 inane,

159 2177 244 2243 unde
267 2177 377 2242 initum
400 2175 536 2261 primum
560 2177 669 2260 capiat
691 2197 742 2242 res
766 2195 913 2259 quaeque
937 2172 1107 2238 rnoveodi.

160 2298 323 2374 postremo
348 2290 409 2355 duo
432 2290 472 2355 de
494 2313 649 2357 concursu
672 2313 807 2375 corpora
829 2293 897 2359 lata

91 2423 142 2469 aso
165 2403 192 2466 si
216 2405 280 2466 cita
303 2403 476 2487 dissiliant,
499 2426 613 2490 nempe
636 2414 691 2471 a'e'r
714 2426 806 2472 omne
830 2411 1013 2487 necessest,

164 2517 247 2580 inter
270 2534 405 2598 corpora
428 2518 511 2596 quod
531 2519 606 2596 fiat,
628 2521 775 2604 possidat
795 2522 912 2588 inane:

161 2631 188 2693 is
211 2650 307 2713 porro
332 2631 476 2713 quamvis
499 2631 613 2697 circum
636 2636 851 2701 celerantibus
874 2637 958 2701 auris

163 2745 321 2819 confluat,
346 2744 432 2809 haud
454 2749 569 2830 poterit
590 2755 696 2816 tamen
720 2771 781 2815 uno
804 2758 946 2834 tempore
969 2757 1067 2812 totum

162 2860 314 2943 compleri
338 2863 495 2944 spatium:
521 2885 594 2928 nam
617 2867 752 2948 primum
775 2884 931 2947 quemque
955 2868 1115 2928 necessest

90 2997 140 3040 arro
162 2981 294 3058 oeoupet
316 2976 368 3040 ille
392 2979 514 3055 locum,
538 2979 656 3047 deinde
680 2981 789 3045 onmia
811 2980 1055 3064 possideantur.

164 3088 246 3168 quod
268 3089 294 3153 si
316 3089 395 3154 forte
419 3093 555 3173 aliquis,
578 3114 648 3157 oum
672 3110 807 3178 corpora
830 3096 1017 3176 dissiluere,

151 3209 226 3279 ⁵tum
247 3208 336 3285 putat
357 3205 390 3268 id
412 3205 480 3271 lieri
504 3209 580 3289 quia
603 3229 637 3273 se
662 3210 857 3274 condenseat
879 3217 954 3285 adr,

161 3323 265 3381 errat:
290 3340 365 3383 nam
387 3341 521 3386 vacuum
545 3330 609 3386 tum
632 3323 666 3385 lit
690 3324 774 3403 quod
798 3323 941 3388 nonfuit
964 3329 1059 3405 eote,

160 3440 190 3497 et
211 3440 350 3521 repletur
372 3440 448 3503 item
471 3457 606 3501 vacuum
630 3437 715 3517 quod
740 3439 876 3502 constitit
900 3445 993 3520 ante,

88 3569 137 3614 sos
161 3569 220 3614 nec
242 3552 300 3615 tali
323 3553 447 3632 ratione
470 3558 575 3636 potest
598 3551 761 3616 denserier
784 3561 859 3624 aer,

160 3684 239 3748 neo,
263 3667 289 3730 si
312 3669 377 3731 iam
400 3674 530 3750 posset,
554 3666 623 3730 sine
645 3668 732 3730 inani
755 3676 883 3750 posset,
909 3669 1042 3752 opinor,

158 3778 228 3861 ipse
252 3782 285 3844 in
309 3802 344 3845 se
366 3781 493 3845 trahere
516 3787 547 3842 et
569 3781 670 3862 partis
693 3781 925 3846 conducerem
948 3805 1061 3847 unum.

201 3894 272 3971 Qua
295 3901 446 3978 prepter,
470 3895 616 3974 quamvis
639 3897 803 3961 causando
826 3897 926 3963 multa
948 3899 1102 3981 moreris,

161 4160 211 4205 372
231 4157 319 4205 olunt.
349 4156 363 4224 ΙΙ
391 4165 441 4210 383
460 4164 562 4211 initium
591 4163 604 4230 ΙΙ
634 4168 685 4214 384
704 4180 828 4214 concurso
853 4165 865 4232 Η
893 4174 943 4218 386
964 4171 1007 4219 dut
1032 4168 1044 4235 ll
1071 4174 1121 4218 389
1142 4169 1247 4231 quisque
1267 4163 1280 4234 Η

160 4246 209 4293 395
230 4245 405 4294 condenserier
