2744 4658
163 259 226 323 248
706 254 750 318 Vl

162 424 317 506 languida
338 426 512 489 semanimo
537 447 606 490 cum
631 447 764 511 corpore
788 428 929 492 membra
951 427 1079 493 videres

161 539 291 604 horrida
312 540 454 623 paedore
477 547 509 604 et
531 540 646 622 pannis
669 550 820 625 coopertu
843 543 968 625 perire,

79 677 146 725 raro
164 654 323 742 [corporis
346 655 486 738 inluvie,
503 654 579 738 pelli
602 675 699 739 super
721 657 846 722 ossibus
869 678 934 721 una
948 657 973 743 ,]

162 771 322 837 ulceribus
344 770 452 834 taetris
476 791 575 853 prope
597 771 662 834 iam
686 769 837 853 sordique
860 772 1004 855 sepulta.

162 887 271 952 omnia
293 886 430 968 denique
454 892 565 950 sancta
589 885 683 950 deum
705 884 840 951 delubra
863 887 1004 971 replerat

163 1001 350 1084 corporibus
373 1021 458 1066 mors
481 1001 637 1066 exanimis
661 1008 859 1084 onerataque
882 1003 1001 1086 passim

162 1123 275 1181 cuncta
298 1115 510 1182 cadaveribus
533 1118 705 1182 caelestum
728 1119 849 1201 templa
871 1118 1020 1199 tenebat,

80 1252 145 1298 raro
161 1231 339 1315 hospitibus
360 1233 434 1296 loca
456 1251 541 1312 quae
564 1231 760 1314 complerant
782 1230 1001 1297 aedituentes.
1087 1233 1097 1252 ⁶

162 1367 222 1412 nec
244 1348 306 1411 iam
330 1347 445 1428 religio
469 1347 575 1411 divom
599 1367 658 1411 nec
680 1347 812 1411 numina
833 1349 941 1433 magni

162 1463 384 1547 pendebantur
407 1462 510 1526 enim:
528 1482 681 1544 praesens
705 1463 796 1526 dolor
820 1461 1053 1546 exsuperabat.

163 1597 221 1642 nec
244 1597 312 1640 mos
334 1576 390 1640 ille
413 1576 599 1660 sepulturae
622 1578 810 1642 remanebat
832 1578 864 1641 in
887 1579 985 1659 urbe,

163 1714 225 1776 quo
250 1693 321 1776 pius
343 1690 396 1755 bic
417 1690 554 1774 populus
577 1711 704 1776 semper
725 1699 895 1757 consuerat
915 1691 1059 1755 humari:

80 1830 146 1878 1280
161 1808 364 1894 perturbatus
387 1807 469 1871 enim
493 1814 577 1872 totus
599 1807 799 1892 trepidabat,
817 1814 848 1872 et
870 1828 953 1871 unus

162 1924 295 2006 quisque
318 1943 409 1987 suum
433 1943 490 2006 pro
514 1943 547 1987 re
571 1929 758 2008 conpostum
783 1929 920 1988 maestus
944 1922 1114 1986 humabat.

162 2041 324 2120 multaque
347 2058 398 2104 res
421 2039 547 2103 subitae
570 2044 600 2102 et
622 2045 794 2122 paupertas
816 2038 947 2103 horrida
969 2037 1091 2102 suasit:

162 2174 301 2236 namque
324 2175 399 2219 suos
422 2154 677 2233 consanguineos
700 2152 807 2216 aliena
829 2125 979 2234 rogorum

162 2271 291 2354 insuper
313 2274 455 2334 extructa
476 2266 597 2350 ingenti
621 2267 760 2329 clamore
782 2267 952 2344 locabant,

80 2407 146 2454 1285
163 2384 407 2465 subdebantque
430 2381 539 2464 faces,
558 2381 653 2444 multo
678 2401 748 2445 cum
772 2381 929 2465 sanguine
957 2402 1054 2466 saepe

162 2501 303 2564 rixantes
324 2497 430 2583 potius
455 2518 549 2579 quam
575 2516 710 2580 corpora
733 2496 974 2562 desererentur.

168 2764 234 2810 1270
248 2760 320 2824 pellis
339 2756 352 2827 Η
375 2762 439 2808 1271
454 2758 589 2808 Viceribus
602 2754 615 2825 ΙΙ
629 2758 751 2819 sordeque
772 2754 785 2822 ll
808 2759 874 2804 1272
887 2755 1000 2805 rellerat.
1017 2754 1029 2819 Η
1046 2757 1113 2804 1274
1124 2754 1253 2802 manebat.
1270 2751 1284 2819 Η

167 2851 232 2897 1281
247 2856 398 2911 conpostum
410 2847 550 2898 emmaum.
571 2842 585 2913 Η
608 2847 673 2894 1282
692 2860 730 2894 res
743 2845 881 2893 omissum.
903 2844 916 2908 ll
936 2843 1035 2891 subitas
1053 2840 1065 2912 Η
1087 2841 1151 2891 1285
1163 2839 1248 2887 fauces
