2744 4658
701 291 717 355 I

149 483 285 528 nemea
308 465 394 528 dona
418 465 473 528 tibi
498 465 601 528 studio
625 463 771 547 disposta
793 463 900 545 fideli,

92 587 94 590 ’
149 578 310 642 intellecta
332 579 419 661 prius
443 599 537 660 quam
561 579 640 662 sint,
664 584 846 660 oontempta
868 579 1051 659 relinquas.

151 714 224 756 narn
247 692 303 755 tibi
328 691 367 757 de
390 714 512 756 summa
535 693 615 757 caeli
638 693 763 756 ratione
786 692 943 773 deumque

86 831 118 876 55
152 808 310 873 disserere
334 807 504 890 insipiam,
529 813 561 872 et
583 827 686 872 rerum
709 806 883 890 primordia
907 807 1068 890 pandam,

148 923 233 987 unde
257 924 360 987 omnis
383 929 499 986 natura
524 928 610 986 creet
633 943 704 1002 res,
727 927 850 998 suntet,
875 922 1024 1006 alatque,

148 1059 251 1120 quove
275 1039 386 1103 eadem
411 1057 530 1101 rursum
555 1044 668 1102 natura
688 1042 853 1121 perempta
880 1039 1039 1117 resolvat;

148 1173 230 1234 quae
255 1173 313 1216 nos
336 1153 502 1216 materiem
527 1159 558 1216 et
580 1152 736 1233 genitalia
758 1171 894 1237 eorpora
916 1152 1010 1216 rebus

147 1266 314 1332 reddunda
336 1268 368 1330 in
392 1268 516 1332 ratione
539 1287 657 1331 voeare
681 1271 712 1329 et
735 1264 856 1329 semina
877 1284 980 1330 rerum

84 1405 116 1449 so
148 1382 314 1466 appellare
338 1389 463 1446 sue‘mus
486 1389 517 1446 et
539 1382 621 1446 haee
643 1381 756 1444 eadem
779 1398 933 1465 usurpare

149 1515 285 1580 corpora
308 1496 431 1578 prima,
455 1497 537 1578 quod
563 1517 602 1560 ex
625 1496 689 1560 illis
712 1502 783 1559 sunt
806 1495 913 1559 omnia
935 1496 1066 1579 primis.
1117 1584 1121 1589 ι

188 1611 336 1674 Humana
356 1617 432 1675 ante
456 1599 681 1676 oeulos.foede
704 1631 773 1674 eum
795 1611 863 1674 vita
885 1611 1005 1675 iaceret

145 1727 177 1789 in
202 1727 294 1790 terris
317 1747 473 1810 oppressa
497 1727 585 1806 gravi
610 1725 668 1789 sub
690 1726 867 1808 religione,

146 1861 228 1922 quae
252 1847 346 1924 eaput
369 1861 388 1904 a
410 1841 492 1904 eaeli
515 1839 702 1922 regionibus
726 1839 915 1903 ostendebat

86 1975 118 2020 55
149 1953 294 2017 horribili
317 1974 412 2037 super
435 1959 566 2036 uspeetu
589 1951 775 2015 mortalibus
798 1953 943 2035 instans,

147 2068 281 2151 primum
306 2068 421 2132 Graius
445 2067 540 2131 homo
564 2065 707 2130 mortalis
731 2025 869 2131 biideviis
885 2074 995 2132 eontra

145 2188 193 2247 est
216 2182 324 2246 oeulos
347 2202 443 2246 ausus
465 2183 649 2266 primusque
673 2182 828 2247 obsistere
852 2191 983 2262 eontra;

147 2317 240 2384 quem
263 2316 367 2378 neque
390 2297 469 2361 fana
493 2297 585 2361 deum
610 2317 670 2361 nee
690 2298 824 2362 fulmina
846 2317 906 2362 neo
927 2297 1087 2362 minitanti

148 2430 307 2474 murmure
330 2413 517 2495 compressit
540 2412 683 2495 eaelum,
707 2413 764 2476 sed
789 2432 827 2476 eo
852 2413 953 2494 magis
976 2433 1083 2478 aerem
1109 2411 1115 2422 ’

87 2548 118 2594 ro
150 2525 258 2588 inritat
280 2524 377 2587 animi
397 2525 563 2602 virtutem,
587 2527 756 2607 effringere
780 2535 813 2591 ut
835 2535 905 2591 arta

148 2645 282 2704 naturae
306 2639 426 2722 primus
450 2644 611 2722 portarum
636 2640 772 2704 claustra
796 2643 936 2723 oupiret.

149 2775 227 2837 ergo
250 2752 360 2818 vivida
382 2754 429 2817 vis
452 2753 549 2817 animi
573 2753 726 2837 pervicit,
752 2762 783 2818 et
805 2762 894 2818 extra

123 2844 305 2954 i'proeessit
327 2869 422 2951 longe
444 2867 640 2933 flarumantia
664 2871 791 2935 moenia
815 2869 922 2933 mundi

149 2990 245 3065 atque
269 3003 361 3049 omne
383 2985 569 3048 immensum
592 2987 777 3067 peragravit
798 2992 906 3052 mente
929 2984 1119 3066 animoque3

88 3119 120 3165 ro
152 3098 236 3162 unde
259 3096 358 3165 refert
381 3097 472 3161 nobis
495 3097 593 3160 vietor
617 3099 691 3179 quid
713 3101 815 3183 possit
837 3101 932 3185 orirss,

152 3211 226 3293 qnid
249 3220 406 3297 nequeat,
429 3212 521 3276 finita
544 3194 685 3294 potestas
708 3215 846 3297 denique
869 3214 982 3295 ouique

150 3349 213 3411 qua
235 3348 309 3392 nam
333 3328 374 3392 sit
396 3327 518 3390 ratione
541 3333 636 3407 atque
658 3329 723 3393 alte
746 3330 898 3394 terminus
920 3328 1082 3393 haerens.

151 3462 250 3525 quare
272 3442 385 3521 religio
407 3440 542 3523 pedibus
565 3441 707 3505 subiecta
730 3442 868 3506 vicissim

151 3555 323 3640 opteritur,
348 3575 406 3618 nos
429 3562 590 3636 exaequat
612 3556 744 3620 victoria
767 3556 878 3621 eaelo.

84 3691 119 3737 so
193 3668 277 3734 Illud
299 3670 331 3733 in
355 3669 405 3733 his
429 3669 523 3734 rebus
545 3690 676 3755 vereor,
700 3691 740 3736 ne
763 3671 844 3735 forte
867 3671 969 3735 rearis

149 3785 238 3869 inpia
260 3790 291 3848 te
314 3784 447 3849 rationis
469 3784 548 3848 inire
570 3786 728 3850 elementa
750 3769 898 3873 viamque

149 3898 318 3981 indugredi
343 3898 493 3964 sceleris.
539 3899 624 3980 quod
647 3907 756 3967 eontra
778 3900 908 3984 saepius
930 3898 988 3964 illa

152 4169 183 4214 db*
213 4164 301 4212 tollere
326 4162 340 4230 ΙΙ
365 4170 397 4214 65
423 4166 490 4216 fama
516 4164 529 4235 ΙΙ
555 4172 586 4217 70
610 4169 771 4235 confringere
796 4165 808 4238 ll
837 4173 865 4218 71
893 4178 1010 4235 cuperet.
1036 4167 1049 4236 ll
1077 4169 1108 4215 td
1134 4181 1233 4217 omnem
1259 4168 1273 4252 ΙΙ

153 4255 183 4303 ll
211 4250 341 4314 Quantum
