2744 4658
83 414 132 465 sss
158 415 219 461 neo
241 393 329 478 quod
350 395 410 461 sub
432 415 551 478 magno
574 399 753 460 scrutentur
774 402 902 479 pectore
926 396 1096 480 quiequam

157 514 348 595 perpetuam
370 518 509 577 aetatem
530 516 665 595 possunt
687 511 828 595 reperire
850 508 1014 595 profecto.

157 647 255 710 quam
276 625 355 691 libet
375 625 507 692 immani
530 627 675 712 proieotu
698 625 841 710 eorporis
863 632 988 704 exstet,

157 741 212 824 qui
234 761 300 807 non
322 742 393 808 sola
415 741 709 827 novemdispessis
731 741 844 825 iugera
865 741 1017 807 membris

159 855 324 942 optineat,
341 856 399 923 sed
422 859 477 939 qui
500 858 597 923 terrai
620 858 715 923 totius
738 858 866 941 orbem,

79 992 132 1040 aso
155 992 223 1037 non
245 977 352 1037 tamen
374 978 539 1038 aeternum
561 974 677 1056 poterit
698 971 840 1057 perferre
863 972 1007 1037 dolorem

156 1106 219 1153 neo
240 1087 396 1171 praebere
419 1088 523 1153 eibum
545 1089 676 1171 proprio
699 1087 739 1154 de
762 1106 895 1172 corpore
917 1105 1065 1171 semper.

155 1201 215 1268 sed
237 1201 352 1286 Tityos
373 1201 466 1267 nobis
487 1201 540 1268 hio
563 1208 631 1289 est,
647 1204 680 1267 in
702 1223 811 1268 amore
832 1204 993 1268 iacentem

155 1336 252 1400 quem
273 1317 418 1383 volueres
440 1318 583 1384 lacerant
604 1325 698 1401 atque
722 1326 813 1384 exest
834 1317 949 1383 anxius
971 1338 1073 1402 angor

155 1439 214 1498 aut
235 1431 303 1499 alia
325 1433 437 1515 quavis
459 1433 607 1499 soindunt
630 1435 808 1519 ouppedine
831 1454 947 1499 curae.

77 1566 129 1615 aas
156 1547 316 1633 Sisyphus
336 1547 369 1612 in
390 1548 456 1613 vita
479 1568 605 1632 quoque
627 1549 720 1615 nobis
743 1555 816 1614 ante
839 1549 948 1615 oculos
971 1554 1039 1632 est,

155 1662 211 1746 qui
232 1667 344 1747 petere
367 1683 387 1728 a
409 1665 530 1749 populo
553 1664 659 1732 fasces
682 1686 860 1748 saevasque
886 1684 1014 1731 secures

155 1778 299 1862 imbibit,
316 1784 348 1843 et
369 1799 496 1864 semper
518 1781 619 1845 vietus
641 1781 802 1863 tristisque
825 1780 965 1846 recedit.

159 1912 230 1958 nam
250 1899 362 1978 petere
383 1882 571 1980 imperium,
588 1896 674 1976 quod
696 1896 823 1961 inanest
844 1915 903 1959 neo
926 1895 1017 1958 datur
1039 1914 1210 1975 umquam,

158 2013 253 2093 atque
275 2009 308 2074 in
331 2029 370 2075 eo
392 2030 519 2095 semper
541 2010 653 2075 durum
676 2011 808 2077 sufferre
830 2010 996 2087 laborem,

68 2144 139 2193 roso
157 2124 219 2190 boo
240 2130 290 2190 est
310 2125 446 2192 adverso
468 2127 632 2192 nixantem
654 2125 781 2192 trudere
804 2130 912 2191 monte

156 2260 289 2325 auxum,
306 2241 392 2324 quod
414 2247 520 2307 tamen
544 2262 561 2307 e
583 2264 705 2309 summo
729 2243 793 2308 iam
815 2241 933 2307 vertice
956 2260 1065 2305 rusum

158 2355 294 2421 volvitur
316 2362 347 2421 et
366 2357 457 2441 plani
478 2358 592 2441 raptim
615 2359 693 2441 petit
715 2378 858 2440 aequora
881 2344 1006 2440 campi.

159 2469 275 2537 deinde
297 2471 396 2536 animi
418 2473 574 2558 ingratam
599 2480 742 2537 naturam
766 2492 897 2557 pascere
920 2491 1066 2554 semper,

156 2591 254 2668 atque
276 2586 405 2670 explere
427 2588 521 2654 bonis
543 2588 638 2653 rebus
661 2588 843 2669 satiareque
866 2607 1060 2669 numquam,

68 2722 140 2772 1005
157 2700 244 2784 quod
266 2701 388 2767 faciunt
409 2703 502 2767 nobis
525 2724 680 2770 annorum
702 2709 848 2788 tempora
870 2702 1008 2783 vietum,

159 2837 230 2881 oum
251 2816 404 2894 redeunt,
419 2818 566 2901 fetusque
588 2818 692 2883 ferunt
713 2818 883 2899 variosque
908 2818 1061 2901 lepores,

156 2952 217 2998 nee
238 2937 347 2998 tamen
369 2933 532 3017 explemur
553 2935 630 3000 vitai
652 2934 805 2999 fructibus
827 2953 997 3016 umquam,

156 3047 237 3126 boe,
253 3055 289 3112 ut
311 3048 442 3132 opinor,
459 3049 491 3113 id
515 3055 584 3134 est,
601 3070 680 3114 aevo
702 3050 835 3115 florente
858 3049 982 3135 puellas
1056 3086 1059 3091 -

158 3161 246 3246 quod
266 3169 442 3228 memorant
462 3165 590 3231 laticem
613 3170 775 3248 pertusum
799 3184 971 3248 congerere
994 3163 1028 3227 in
1049 3183 1127 3246 vas,

69 3296 143 3344 1010
160 3277 245 3360 quod
268 3283 374 3342 tamen
396 3278 517 3363 expleri
540 3279 629 3343 nulla
652 3281 773 3345 ratione
795 3285 958 3364 potestur.

158 3393 316 3459 Cerberus
338 3401 370 3459 et
391 3394 491 3458 suriae
514 3395 578 3459 iam
601 3415 698 3479 vero,
716 3403 746 3460 et
768 3396 848 3461 lucis
872 3413 993 3479 egenus

156 3510 311 3574 Tartarus
334 3509 507 3575 horriferos
530 3517 676 3575 eructans
698 3509 843 3574 saucibus
864 3518 993 3585 aestus,

157 3623 262 3708 quid?
278 3643 382 3706 neque
403 3632 477 3691 sunt
498 3645 634 3708 usquam
656 3646 714 3691 neo
735 3631 871 3709 possunt
894 3643 964 3689 esse
986 3622 1150 3707 profecto:

156 3740 213 3804 sed
235 3745 340 3805 metus
361 3739 393 3802 in
416 3740 480 3805 vita
502 3759 676 3823 poenarum
699 3761 757 3825 pro
781 3739 865 3805 male
887 3738 980 3803 fastis

161 4042 212 4093 985
230 4041 293 4106 qnid
313 4039 327 4112 Η
348 4044 397 4093 988
417 4042 535 4108 dispersis
555 4042 569 4114 Η
590 4046 639 4094 999
654 4060 679 4095 es
699 4042 712 4113 Η
734 4047 784 4096 994
803 4043 938 4109 curpedine
958 4039 972 4113 Η
992 4044 1040 4094 997
1061 4042 1176 4106 tristique
1197 4041 1211 4113 Η
1230 4045 1279 4095 999

160 4128 275 4181 laborem
287 4131 407 4181 sufferre.
423 4131 435 4199 Η
458 4135 522 4182 1001
538 4149 551 4182 e
565 4135 705 4184 omissum.
720 4131 733 4202 Η
749 4136 815 4182 1005
830 4133 941 4183 circum.
956 4129 970 4200 Η
992 4136 1058 4183 1000
1072 4147 1163 4195 eogere
1183 4129 1196 4201 Η
1213 4136 1280 4185 1010

162 4218 216 4269 ulia
234 4215 249 4289 Η
270 4220 335 4269 1011
356 4219 433 4270 sunau
453 4217 466 4289 Η
487 4229 617 4282 negasses.
638 4216 652 4288 Η
674 4223 740 4271 1013
759 4221 809 4282 Qui
830 4217 844 4288 Η
866 4223 933 4271 1014
952 4236 1090 4285 paenarum
