<?xml version="1.0" encoding="UTF-8"?>
<!DOCTYPE html PUBLIC "-//W3C//DTD XHTML 1.0 Transitional//EN"
    "http://www.w3.org/TR/xhtml1/DTD/xhtml1-transitional.dtd">
<html xmlns="http://www.w3.org/1999/xhtml" xml:lang="en" lang="en">
 <head>
  <title>
</title>
<meta http-equiv="Content-Type" content="text/html;charset=utf-8" />
  <meta name='ocr-system' content='tesseract 3.04.00' />
  <meta name='ocr-capabilities' content='ocr_page ocr_carea ocr_par ocr_line ocrx_word'/>
</head>
<body>
  <div class='ocr_page' id='page_1' title='image "./tlucreticarider15carugoog_0150.png"; bbox 0 0 2678 4658; ppageno 0'>
   <div class='ocr_carea' id='block_1_1' title="bbox 651 237 811 301">
    <p class='ocr_par' dir='ltr' id='par_1_1' title="bbox 651 237 811 301">
     <span class='ocr_line' id='line_1_1' title="bbox 651 237 811 301; baseline -0.038 0"><span class='ocrx_word' id='word_1_1' title='bbox 651 237 710 301; x_wconf 89' lang='lat' dir='ltr'>IHI</span> <span class='ocrx_word' id='word_1_2' title='bbox 808 290 811 295; x_wconf 87' lang='lat'>.</span> 
     </span>
    </p>
   </div>
   <div class='ocr_carea' id='block_1_2' title="bbox 67 408 1130 3831">
    <p class='ocr_par' dir='ltr' id='par_1_2' title="bbox 67 408 1130 3831">
     <span class='ocr_line' id='line_1_2' title="bbox 143 408 1052 504; baseline 0.003 -32"><span class='ocrx_word' id='word_1_3' title='bbox 143 409 324 490; x_wconf 89' lang='lat' dir='ltr'>usqueadeo</span> <span class='ocrx_word' id='word_1_4' title='bbox 347 409 457 504; x_wconf 85' lang='lat' dir='ltr'>magni</span> <span class='ocrx_word' id='word_1_5' title='bbox 480 408 579 474; x_wconf 85' lang='lat' dir='ltr'>refert</span> <span class='ocrx_word' id='word_1_6' title='bbox 601 408 738 472; x_wconf 89' lang='lat' dir='ltr'>studium</span> <span class='ocrx_word' id='word_1_7' title='bbox 763 415 859 491; x_wconf 90' lang='lat' dir='ltr'>atque</span> <span class='ocrx_word' id='word_1_8' title='bbox 881 411 1052 494; x_wconf 81' lang='lat' dir='ltr'>voluptas,</span> 
     </span>
     <span class='ocr_line' id='line_1_3' title="bbox 91 524 903 608; baseline 0.004 -23"><span class='ocrx_word' id='word_1_9' title='bbox 91 537 122 587; x_wconf 80' lang='lat' dir='ltr'>au</span> <span class='ocrx_word' id='word_1_10' title='bbox 139 524 284 604; x_wconf 79' lang='lat' dir='ltr'>atquibus</span> <span class='ocrx_word' id='word_1_11' title='bbox 306 525 340 588; x_wconf 91' lang='lat' dir='ltr'>in</span> <span class='ocrx_word' id='word_1_12' title='bbox 363 525 458 589; x_wconf 89' lang='lat' dir='ltr'>rebus</span> <span class='ocrx_word' id='word_1_13' title='bbox 481 524 665 588; x_wconf 86' lang='lat' dir='ltr'>consuerint</span> <span class='ocrx_word' id='word_1_14' title='bbox 687 544 758 589; x_wconf 90' lang='lat' dir='ltr'>esse</span> <span class='ocrx_word' id='word_1_15' title='bbox 781 525 903 608; x_wconf 85' lang='lat' dir='ltr'>operati</span> 
     </span>
     <span class='ocr_line' id='line_1_4' title="bbox 136 637 986 705; baseline 0.004 -5"><span class='ocrx_word' id='word_1_16' title='bbox 136 657 186 700; x_wconf 88' lang='lat' dir='ltr'>nun</span> <span class='ocrx_word' id='word_1_17' title='bbox 207 637 351 705; x_wconf 86' lang='lat' dir='ltr'>homines</span> <span class='ocrx_word' id='word_1_18' title='bbox 374 640 475 704; x_wconf 87' lang='lat' dir='ltr'>selum</span> <span class='ocrx_word' id='word_1_19' title='bbox 500 639 555 703; x_wconf 90' lang='lat' dir='ltr'>sed</span> <span class='ocrx_word' id='word_1_20' title='bbox 578 659 654 703; x_wconf 86' lang='lat' dir='ltr'>vero</span> <span class='ocrx_word' id='word_1_21' title='bbox 679 638 831 701; x_wconf 86' lang='lat' dir='ltr'>animalia</span> <span class='ocrx_word' id='word_1_22' title='bbox 854 645 986 704; x_wconf 89' lang='lat' dir='ltr'>cuncta.</span> 
     </span>
     <span class='ocr_line' id='line_1_5' title="bbox 134 752 1085 841; baseline 0.003 -25"><span class='ocrx_word' id='word_1_23' title='bbox 134 752 235 837; x_wconf 82' lang='lat' dir='ltr'>quippe</span> <span class='ocrx_word' id='word_1_24' title='bbox 257 753 384 820; x_wconf 86' lang='lat' dir='ltr'>videbis</span> <span class='ocrx_word' id='word_1_25' title='bbox 407 775 507 838; x_wconf 82' lang='lat' dir='ltr'>eques</span> <span class='ocrx_word' id='word_1_26' title='bbox 529 754 638 836; x_wconf 86' lang='lat' dir='ltr'>fortis,</span> <span class='ocrx_word' id='word_1_27' title='bbox 656 774 727 818; x_wconf 87' lang='lat' dir='ltr'>curu</span> <span class='ocrx_word' id='word_1_28' title='bbox 749 754 894 818; x_wconf 86' lang='lat' dir='ltr'>membra</span> <span class='ocrx_word' id='word_1_29' title='bbox 916 754 1085 841; x_wconf 80' lang='lat' dir='ltr'>iacebunt,</span> 
     </span>
     <span class='ocr_line' id='line_1_6' title="bbox 128 867 922 953; baseline 0.003 -21"><span class='ocrx_word' id='word_1_30' title='bbox 128 867 291 934; x_wconf 84' lang='lat' dir='ltr'>insomnis</span> <span class='ocrx_word' id='word_1_31' title='bbox 317 869 434 935; x_wconf 88' lang='lat' dir='ltr'>sudare</span> <span class='ocrx_word' id='word_1_32' title='bbox 457 877 565 934; x_wconf 86' lang='lat' dir='ltr'>tamen</span> <span class='ocrx_word' id='word_1_33' title='bbox 588 869 774 953; x_wconf 81' lang='lat' dir='ltr'>spirareque</span> <span class='ocrx_word' id='word_1_34' title='bbox 797 889 922 952; x_wconf 81' lang='lat' dir='ltr'><strong>semper</strong></span> 
     </span>
     <span class='ocr_line' id='line_1_7' title="bbox 128 985 940 1070; baseline 0.004 -23"><span class='ocrx_word' id='word_1_35' title='bbox 128 990 154 1047; x_wconf 88' lang='lat' dir='ltr'>et</span> <span class='ocrx_word' id='word_1_36' title='bbox 174 985 265 1066; x_wconf 83' lang='lat' dir='ltr'>quasi</span> <span class='ocrx_word' id='word_1_37' title='bbox 288 985 329 1048; x_wconf 90' lang='lat' dir='ltr'>dc</span> <span class='ocrx_word' id='word_1_38' title='bbox 352 987 459 1070; x_wconf 88' lang='lat' dir='ltr'>palma</span> <span class='ocrx_word' id='word_1_39' title='bbox 482 1005 622 1050; x_wconf 85' lang='lat' dir='ltr'>summas</span> <span class='ocrx_word' id='word_1_40' title='bbox 647 985 840 1049; x_wconf 87' lang='lat' dir='ltr'>contendere</span> <span class='ocrx_word' id='word_1_41' title='bbox 863 986 940 1050; x_wconf 86' lang='lat' dir='ltr'>viris</span> 
     </span>
     <span class='ocr_line' id='line_1_8' title="bbox 74 1100 974 1185; baseline 0.002 -22"><span class='ocrx_word' id='word_1_42' title='bbox 74 1115 106 1164; x_wconf 82' lang='lat' dir='ltr'>au</span> <span class='ocrx_word' id='word_1_43' title='bbox 123 1106 170 1163; x_wconf 92' lang='lat' dir='ltr'>aut</span> <span class='ocrx_word' id='word_1_44' title='bbox 193 1101 287 1183; x_wconf 84' lang='lat' dir='ltr'>quasi</span> <span class='ocrx_word' id='word_1_45' title='bbox 312 1102 494 1166; x_wconf 79' lang='lat' dir='ltr'><strong>carceribus</strong></span> <span class='ocrx_word' id='word_1_46' title='bbox 516 1100 687 1185; x_wconf 79' lang='lat' dir='ltr'>patefactis</span> <span class='ocrx_word' id='word_1_47' title='bbox 711 1148 845 1163; x_wconf 92' lang='grc'><strong>.....</strong></span> <span class='ocrx_word' id='word_1_48' title='bbox 857 1150 877 1177; x_wconf 58' lang='grc'>,.</span> <span class='ocrx_word' id='word_1_49' title='bbox 902 1150 910 1163; x_wconf 94' lang='grc'>.</span> <span class='ocrx_word' id='word_1_50' title='bbox 935 1151 942 1166; x_wconf 92' lang='grc'><strong>.</strong></span> <span class='ocrx_word' id='word_1_51' title='bbox 967 1152 974 1165; x_wconf 95' lang='grc'><strong>.</strong></span> 
     </span>
     <span class='ocr_line' id='line_1_9' title="bbox 72 1215 893 1313; baseline -0.002 -33"><span class='ocrx_word' id='word_1_52' title='bbox 72 1230 102 1280; x_wconf 85' lang='lat' dir='ltr'>ra</span> <span class='ocrx_word' id='word_1_53' title='bbox 121 1223 353 1298; x_wconf 82' lang='lat' dir='ltr'>venantumque</span> <span class='ocrx_word' id='word_1_54' title='bbox 377 1237 474 1283; x_wconf 87' lang='lat' dir='ltr'>canes</span> <span class='ocrx_word' id='word_1_55' title='bbox 498 1217 532 1280; x_wconf 93' lang='lat' dir='ltr'>in</span> <span class='ocrx_word' id='word_1_56' title='bbox 553 1215 641 1279; x_wconf 87' lang='lat' dir='ltr'>molli</span> <span class='ocrx_word' id='word_1_57' title='bbox 665 1235 763 1299; x_wconf 83' lang='lat' dir='ltr'>saepe</span> <span class='ocrx_word' id='word_1_58' title='bbox 787 1215 893 1313; x_wconf 81' lang='lat' dir='ltr'>quiete</span> 
     </span>
     <span class='ocr_line' id='line_1_10' title="bbox 69 1332 943 1414; baseline 0.001 -19"><span class='ocrx_word' id='word_1_59' title='bbox 69 1346 98 1396; x_wconf 81' lang='lat' dir='ltr'>ar</span> <span class='ocrx_word' id='word_1_60' title='bbox 117 1333 232 1397; x_wconf 84' lang='lat' dir='ltr'>iactant</span> <span class='ocrx_word' id='word_1_61' title='bbox 255 1352 349 1397; x_wconf 88' lang='lat' dir='ltr'>crura</span> <span class='ocrx_word' id='word_1_62' title='bbox 371 1339 477 1397; x_wconf 80' lang='lat' dir='ltr'>tannen</span> <span class='ocrx_word' id='word_1_63' title='bbox 500 1332 603 1397; x_wconf 87' lang='lat' dir='ltr'>subito</span> <span class='ocrx_word' id='word_1_64' title='bbox 627 1351 787 1412; x_wconf 86' lang='lat' dir='ltr'>vocesque</span> <span class='ocrx_word' id='word_1_65' title='bbox 810 1336 943 1414; x_wconf 91' lang='lat' dir='ltr'>repente</span> 
     </span>
     <span class='ocr_line' id='line_1_11' title="bbox 117 1446 926 1530; baseline -0.001 -19"><span class='ocrx_word' id='word_1_66' title='bbox 117 1447 239 1512; x_wconf 87' lang='lat' dir='ltr'>mittunt</span> <span class='ocrx_word' id='word_1_67' title='bbox 263 1452 295 1513; x_wconf 91' lang='lat' dir='ltr'>et</span> <span class='ocrx_word' id='word_1_68' title='bbox 317 1448 428 1513; x_wconf 86' lang='lat' dir='ltr'>crebro</span> <span class='ocrx_word' id='word_1_69' title='bbox 451 1447 630 1513; x_wconf 74' lang='lat' dir='ltr'>redducunt</span> <span class='ocrx_word' id='word_1_70' title='bbox 651 1446 783 1510; x_wconf 87' lang='lat' dir='ltr'>naribus</span> <span class='ocrx_word' id='word_1_71' title='bbox 806 1466 926 1530; x_wconf 45' lang='lat' dir='ltr'>aurasr</span> 
     </span>
     <span class='ocr_line' id='line_1_12' title="bbox 115 1562 839 1648; baseline -0.004 -22"><span class='ocrx_word' id='word_1_72' title='bbox 115 1569 144 1627; x_wconf 91' lang='lat' dir='ltr'>ut</span> <span class='ocrx_word' id='word_1_73' title='bbox 163 1564 307 1648; x_wconf 86' lang='lat' dir='ltr'>vestigia</span> <span class='ocrx_word' id='word_1_74' title='bbox 328 1563 356 1627; x_wconf 90' lang='lat' dir='ltr'>si</span> <span class='ocrx_word' id='word_1_75' title='bbox 377 1568 508 1628; x_wconf 91' lang='lat' dir='ltr'>teneant</span> <span class='ocrx_word' id='word_1_76' title='bbox 529 1564 659 1628; x_wconf 82' lang='lat' dir='ltr'>inuenta</span> <span class='ocrx_word' id='word_1_77' title='bbox 681 1562 839 1646; x_wconf 81' lang='lat' dir='ltr'>ferarum,</span> 
     </span>
     <span class='ocr_line' id='line_1_13' title="bbox 114 1677 820 1763; baseline -0.001 -20"><span class='ocrx_word' id='word_1_78' title='bbox 114 1677 397 1763; x_wconf 77' lang='lat' dir='ltr'>expergefactique</span> <span class='ocrx_word' id='word_1_79' title='bbox 419 1683 568 1742; x_wconf 88' lang='lat' dir='ltr'>secuntur</span> <span class='ocrx_word' id='word_1_80' title='bbox 589 1677 698 1741; x_wconf 89' lang='lat' dir='ltr'>inania</span> <span class='ocrx_word' id='word_1_81' title='bbox 721 1697 820 1761; x_wconf 90' lang='lat' dir='ltr'>saepe</span> 
     </span>
     <span class='ocr_line' id='line_1_14' title="bbox 67 1791 1034 1877; baseline -0.005 -18"><span class='ocrx_word' id='word_1_82' title='bbox 67 1808 100 1859; x_wconf 75' lang='lat' dir='ltr'>ta</span> <span class='ocrx_word' id='word_1_83' title='bbox 115 1813 283 1858; x_wconf 87' lang='lat' dir='ltr'>cervorum</span> <span class='ocrx_word' id='word_1_84' title='bbox 306 1792 496 1877; x_wconf 87' lang='lat' dir='ltr'>simulacra,</span> <span class='ocrx_word' id='word_1_85' title='bbox 513 1792 611 1876; x_wconf 86' lang='lat' dir='ltr'>fugae</span> <span class='ocrx_word' id='word_1_86' title='bbox 636 1792 727 1874; x_wconf 88' lang='lat' dir='ltr'>quasi</span> <span class='ocrx_word' id='word_1_87' title='bbox 750 1791 860 1856; x_wconf 91' lang='lat' dir='ltr'>dedita</span> <span class='ocrx_word' id='word_1_88' title='bbox 883 1797 1034 1874; x_wconf 90' lang='lat' dir='ltr'>cernant,</span> 
     </span>
     <span class='ocr_line' id='line_1_15' title="bbox 118 1906 881 1975; baseline -0.005 -1"><span class='ocrx_word' id='word_1_89' title='bbox 118 1907 215 1975; x_wconf 87' lang='lat' dir='ltr'>donec</span> <span class='ocrx_word' id='word_1_90' title='bbox 240 1907 397 1973; x_wconf 81' lang='lat' dir='ltr'>discussis</span> <span class='ocrx_word' id='word_1_91' title='bbox 419 1906 555 1973; x_wconf 85' lang='lat' dir='ltr'>redeant</span> <span class='ocrx_word' id='word_1_92' title='bbox 577 1908 738 1973; x_wconf 87' lang='lat' dir='ltr'>erroribus</span> <span class='ocrx_word' id='word_1_93' title='bbox 761 1907 803 1970; x_wconf 91' lang='lat' dir='ltr'>ad</span> <span class='ocrx_word' id='word_1_94' title='bbox 826 1926 881 1971; x_wconf 84' lang='lat' dir='ltr'>se.</span> 
     </span>
     <span class='ocr_line' id='line_1_16' title="bbox 112 2022 948 2105; baseline -0.005 -17"><span class='ocrx_word' id='word_1_95' title='bbox 112 2027 327 2090; x_wconf 75' lang='lat' dir='ltr'>stconsueta</span> <span class='ocrx_word' id='word_1_96' title='bbox 349 2023 436 2088; x_wconf 87' lang='lat' dir='ltr'>dorni</span> <span class='ocrx_word' id='word_1_97' title='bbox 459 2023 636 2088; x_wconf 87' lang='lat' dir='ltr'>catulorum</span> <span class='ocrx_word' id='word_1_98' title='bbox 659 2022 780 2086; x_wconf 91' lang='lat' dir='ltr'>blanda</span> <span class='ocrx_word' id='word_1_99' title='bbox 802 2042 948 2105; x_wconf 84' lang='lat' dir='ltr'>propago</span> 
     </span>
     <span class='ocr_line' id='line_1_17' title="bbox 112 2137 959 2221; baseline -0.009 -15"><span class='ocrx_word' id='word_1_100' title='bbox 112 2137 272 2205; x_wconf 85' lang='lat' dir='ltr'>discutere</span> <span class='ocrx_word' id='word_1_101' title='bbox 296 2143 328 2202; x_wconf 94' lang='lat' dir='ltr'>et</span> <span class='ocrx_word' id='word_1_102' title='bbox 350 2157 465 2221; x_wconf 86' lang='lat' dir='ltr'>corpus</span> <span class='ocrx_word' id='word_1_103' title='bbox 487 2138 528 2202; x_wconf 92' lang='lat' dir='ltr'>de</span> <span class='ocrx_word' id='word_1_104' title='bbox 550 2144 635 2201; x_wconf 89' lang='lat' dir='ltr'>terra</span> <span class='ocrx_word' id='word_1_105' title='bbox 658 2137 816 2221; x_wconf 85' lang='lat' dir='ltr'>corripere</span> <span class='ocrx_word' id='word_1_106' title='bbox 838 2138 959 2201; x_wconf 88' lang='lat' dir='ltr'>instant</span> 
     </span>
     <span class='ocr_line' id='line_1_18' title="bbox 67 2251 1013 2336; baseline -0.001 -18"><span class='ocrx_word' id='word_1_107' title='bbox 67 2251 247 2336; x_wconf 77' lang='lat' dir='ltr'>ursprcinde</span> <span class='ocrx_word' id='word_1_108' title='bbox 271 2253 365 2335; x_wconf 89' lang='lat' dir='ltr'>quasi</span> <span class='ocrx_word' id='word_1_109' title='bbox 388 2252 517 2336; x_wconf 83' lang='lat' dir='ltr'>ignotas</span> <span class='ocrx_word' id='word_1_110' title='bbox 539 2252 641 2317; x_wconf 84' lang='lat' dir='ltr'>iacies</span> <span class='ocrx_word' id='word_1_111' title='bbox 664 2260 758 2333; x_wconf 87' lang='lat' dir='ltr'>atque</span> <span class='ocrx_word' id='word_1_112' title='bbox 784 2275 840 2317; x_wconf 87' lang='lat' dir='ltr'>ora</span> <span class='ocrx_word' id='word_1_113' title='bbox 863 2259 1013 2317; x_wconf 86' lang='lat' dir='ltr'>tuantur.</span> 
     </span>
     <span class='ocr_line' id='line_1_19' title="bbox 112 2349 1011 2459; baseline -0.001 -27"><span class='ocrx_word' id='word_1_114' title='bbox 112 2374 141 2433; x_wconf 89' lang='lat' dir='ltr'>et</span> <span class='ocrx_word' id='word_1_115' title='bbox 162 2388 229 2450; x_wconf 90' lang='lat' dir='ltr'>quc</span> <span class='ocrx_word' id='word_1_116' title='bbox 256 2349 408 2459; x_wconf 23' lang='lat' dir='ltr'>quaeque·</span> <span class='ocrx_word' id='word_1_117' title='bbox 425 2367 527 2447; x_wconf 85' lang='lat' dir='ltr'>magis</span> <span class='ocrx_word' id='word_1_118' title='bbox 550 2373 623 2430; x_wconf 89' lang='lat' dir='ltr'>suut</span> <span class='ocrx_word' id='word_1_119' title='bbox 645 2386 761 2450; x_wconf 87' lang='lat' dir='ltr'>aspera</span> <span class='ocrx_word' id='word_1_120' title='bbox 783 2367 1011 2444; x_wconf 79' lang='lat' dir='ltr'>seminiurunr,</span> 
     </span>
     <span class='ocr_line' id='line_1_20' title="bbox 112 2481 995 2562; baseline 0 -16"><span class='ocrx_word' id='word_1_121' title='bbox 112 2487 175 2546; x_wconf 82' lang='lat' dir='ltr'>tam</span> <span class='ocrx_word' id='word_1_122' title='bbox 198 2482 307 2562; x_wconf 81' lang='lat' dir='ltr'>magis</span> <span class='ocrx_word' id='word_1_123' title='bbox 329 2483 363 2546; x_wconf 91' lang='lat' dir='ltr'>in</span> <span class='ocrx_word' id='word_1_124' title='bbox 386 2481 505 2546; x_wconf 84' lang='lat' dir='ltr'>scnrnis</span> <span class='ocrx_word' id='word_1_125' title='bbox 528 2482 640 2546; x_wconf 85' lang='lat' dir='ltr'>eadem</span> <span class='ocrx_word' id='word_1_126' title='bbox 665 2483 788 2547; x_wconf 90' lang='lat' dir='ltr'>saevire</span> <span class='ocrx_word' id='word_1_127' title='bbox 811 2490 995 2548; x_wconf 89' lang='lat' dir='ltr'>necessust:</span> 
     </span>
     <span class='ocr_line' id='line_1_21' title="bbox 114 2594 943 2681; baseline 0 -21"><span class='ocrx_word' id='word_1_128' title='bbox 114 2602 145 2661; x_wconf 87' lang='lat' dir='ltr'>at</span> <span class='ocrx_word' id='word_1_129' title='bbox 164 2597 280 2661; x_wconf 88' lang='lat' dir='ltr'>variae</span> <span class='ocrx_word' id='word_1_130' title='bbox 303 2594 431 2679; x_wconf 84' lang='lat' dir='ltr'>fugiunt</span> <span class='ocrx_word' id='word_1_131' title='bbox 452 2597 597 2661; x_wconf 87' lang='lat' dir='ltr'>volucres</span> <span class='ocrx_word' id='word_1_132' title='bbox 622 2597 789 2679; x_wconf 89' lang='lat' dir='ltr'>pinnisque</span> <span class='ocrx_word' id='word_1_133' title='bbox 813 2603 943 2681; x_wconf 88' lang='lat' dir='ltr'>repente</span> 
     </span>
     <span class='ocr_line' id='line_1_22' title="bbox 113 2710 891 2795; baseline 0.003 -20"><span class='ocrx_word' id='word_1_134' title='bbox 113 2711 288 2775; x_wconf 81' lang='lat' dir='ltr'>sollicitant</span> <span class='ocrx_word' id='word_1_135' title='bbox 310 2710 416 2775; x_wconf 87' lang='lat' dir='ltr'>divum</span> <span class='ocrx_word' id='word_1_136' title='bbox 440 2715 593 2775; x_wconf 86' lang='lat' dir='ltr'>nocturne</span> <span class='ocrx_word' id='word_1_137' title='bbox 617 2713 891 2795; x_wconf 64' lang='lat' dir='ltr'>temporeneas,</span> 
     </span>
     <span class='ocr_line' id='line_1_23' title="bbox 114 2824 909 2910; baseline 0.001 -20"><span class='ocrx_word' id='word_1_138' title='bbox 114 2825 286 2909; x_wconf 84' lang='lat' dir='ltr'>accipitres</span> <span class='ocrx_word' id='word_1_139' title='bbox 309 2845 422 2890; x_wconf 90' lang='lat' dir='ltr'>scmno</span> <span class='ocrx_word' id='word_1_140' title='bbox 444 2824 477 2888; x_wconf 94' lang='lat' dir='ltr'>iu</span> <span class='ocrx_word' id='word_1_141' title='bbox 501 2825 565 2888; x_wconf 85' lang='lat' dir='ltr'>leni</span> <span class='ocrx_word' id='word_1_142' title='bbox 588 2826 614 2889; x_wconf 89' lang='lat' dir='ltr'>si</span> <span class='ocrx_word' id='word_1_143' title='bbox 637 2827 760 2908; x_wconf 89' lang='lat' dir='ltr'>prcelia</span> <span class='ocrx_word' id='word_1_144' title='bbox 783 2847 909 2910; x_wconf 82' lang='lat' dir='ltr'>pugnas</span> 
     </span>
     <span class='ocr_line' id='line_1_24' title="bbox 67 2939 916 3024; baseline 0.001 -21"><span class='ocrx_word' id='word_1_145' title='bbox 67 2957 102 3005; x_wconf 88' lang='lat' dir='ltr'>uu</span> <span class='ocrx_word' id='word_1_146' title='bbox 116 2939 213 3006; x_wconf 88' lang='lat' dir='ltr'>cdere</span> <span class='ocrx_word' id='word_1_147' title='bbox 236 2946 311 3004; x_wconf 86' lang='lat' dir='ltr'>sunt</span> <span class='ocrx_word' id='word_1_148' title='bbox 332 2944 552 3024; x_wconf 87' lang='lat' dir='ltr'>persectantes</span> <span class='ocrx_word' id='word_1_149' title='bbox 574 2940 726 3020; x_wconf 87' lang='lat' dir='ltr'>visaeque</span> <span class='ocrx_word' id='word_1_150' title='bbox 750 2942 916 3006; x_wconf 85' lang='lat' dir='ltr'>volantes.</span> 
     </span>
     <span class='ocr_line' id='line_1_25' title="bbox 114 3054 1086 3161; baseline -0.001 -43"><span class='ocrx_word' id='word_1_151' title='bbox 114 3070 208 3138; x_wconf 80' lang='lat' dir='ltr'>porro</span> <span class='ocrx_word' id='word_1_152' title='bbox 231 3054 398 3161; x_wconf 68' lang='lat' dir='ltr'>hominunp</span> <span class='ocrx_word' id='word_1_153' title='bbox 419 3059 563 3137; x_wconf 85' lang='lat' dir='ltr'>ruentes,</span> <span class='ocrx_word' id='word_1_154' title='bbox 580 3055 706 3138; x_wconf 83' lang='lat' dir='ltr'>magnis</span> <span class='ocrx_word' id='word_1_155' title='bbox 730 3056 783 3135; x_wconf 93' lang='lat' dir='ltr'>qui</span> <span class='ocrx_word' id='word_1_156' title='bbox 807 3056 965 3120; x_wconf 85' lang='lat' dir='ltr'>ruentibus</span> <span class='ocrx_word' id='word_1_157' title='bbox 988 3055 1086 3120; x_wconf 92' lang='lat' dir='ltr'>edunt</span> 
     </span>
     <span class='ocr_line' id='line_1_26' title="bbox 114 3168 1130 3252; baseline 0 -19"><span class='ocrx_word' id='word_1_158' title='bbox 114 3189 232 3252; x_wconf 83' lang='lat' dir='ltr'>magna</span> <span class='ocrx_word' id='word_1_159' title='bbox 246 3221 253 3248; x_wconf 89' lang='lat'><strong>‚</strong></span> <span class='ocrx_word' id='word_1_160' title='bbox 269 3168 381 3233; x_wconf 89' lang='lat' dir='ltr'>itidem</span> <span class='ocrx_word' id='word_1_161' title='bbox 403 3186 501 3250; x_wconf 86' lang='lat' dir='ltr'>saepe</span> <span class='ocrx_word' id='word_1_162' title='bbox 523 3168 557 3232; x_wconf 91' lang='lat' dir='ltr'>in</span> <span class='ocrx_word' id='word_1_163' title='bbox 581 3169 701 3233; x_wconf 81' lang='lat' dir='ltr'>scrupis</span> <span class='ocrx_word' id='word_1_164' title='bbox 723 3168 910 3252; x_wconf 84' lang='lat' dir='ltr'>iaciuntque</span> <span class='ocrx_word' id='word_1_165' title='bbox 934 3175 1130 3252; x_wconf 81' lang='lat' dir='ltr'>geruutque‚</span> 
     </span>
     <span class='ocr_line' id='line_1_27' title="bbox 115 3283 964 3367; baseline -0.005 -18"><span class='ocrx_word' id='word_1_166' title='bbox 115 3303 209 3365; x_wconf 84' lang='lat' dir='ltr'>reges</span> <span class='ocrx_word' id='word_1_167' title='bbox 233 3287 441 3367; x_wconf 82' lang='lat' dir='ltr'>expugnant,</span> <span class='ocrx_word' id='word_1_168' title='bbox 459 3283 648 3366; x_wconf 77' lang='lat' dir='ltr'>capiuntur,</span> <span class='ocrx_word' id='word_1_169' title='bbox 665 3284 789 3366; x_wconf 79' lang='lat' dir='ltr'>proelia</span> <span class='ocrx_word' id='word_1_170' title='bbox 812 3285 964 3366; x_wconf 84' lang='lat' dir='ltr'>miscent,</span> 
     </span>
     <span class='ocr_line' id='line_1_28' title="bbox 114 3396 968 3480; baseline -0.002 -19"><span class='ocrx_word' id='word_1_171' title='bbox 114 3397 229 3462; x_wconf 83' lang='lat' dir='ltr'>tollunt</span> <span class='ocrx_word' id='word_1_172' title='bbox 250 3398 443 3478; x_wconf 84' lang='lat' dir='ltr'>clamarem,</span> <span class='ocrx_word' id='word_1_173' title='bbox 461 3398 552 3478; x_wconf 88' lang='lat' dir='ltr'>quasi</span> <span class='ocrx_word' id='word_1_174' title='bbox 576 3399 602 3461; x_wconf 91' lang='lat' dir='ltr'>si</span> <span class='ocrx_word' id='word_1_175' title='bbox 626 3396 808 3480; x_wconf 85' lang='lat' dir='ltr'>iugulentur</span> <span class='ocrx_word' id='word_1_176' title='bbox 829 3397 968 3461; x_wconf 87' lang='lat' dir='ltr'>ibideuu.</span> 
     </span>
     <span class='ocr_line' id='line_1_29' title="bbox 67 3510 967 3596; baseline 0.002 -24"><span class='ocrx_word' id='word_1_177' title='bbox 67 3512 204 3577; x_wconf 78' lang='lat' dir='ltr'>ruamulti</span> <span class='ocrx_word' id='word_1_178' title='bbox 228 3512 419 3596; x_wconf 86' lang='lat' dir='ltr'>depugnant</span> <span class='ocrx_word' id='word_1_179' title='bbox 440 3510 639 3594; x_wconf 85' lang='lat' dir='ltr'>gemitusque</span> <span class='ocrx_word' id='word_1_180' title='bbox 663 3510 828 3577; x_wconf 85' lang='lat' dir='ltr'>doloribus</span> <span class='ocrx_word' id='word_1_181' title='bbox 849 3512 967 3595; x_wconf 81' lang='lat' dir='ltr'>edunt,</span> 
     </span>
     <span class='ocr_line' id='line_1_30' title="bbox 113 3626 872 3712; baseline -0.004 -17"><span class='ocrx_word' id='word_1_182' title='bbox 113 3635 145 3694; x_wconf 86' lang='lat' dir='ltr'>et</span> <span class='ocrx_word' id='word_1_183' title='bbox 165 3627 262 3712; x_wconf 87' lang='lat' dir='ltr'>quasi</span> <span class='ocrx_word' id='word_1_184' title='bbox 285 3626 465 3711; x_wconf 86' lang='lat' dir='ltr'>pantherae</span> <span class='ocrx_word' id='word_1_185' title='bbox 488 3647 595 3690; x_wconf 82' lang='lat' dir='ltr'>mersu</span> <span class='ocrx_word' id='word_1_186' title='bbox 618 3627 747 3691; x_wconf 88' lang='lat' dir='ltr'>saevive</span> <span class='ocrx_word' id='word_1_187' title='bbox 769 3627 872 3692; x_wconf 89' lang='lat' dir='ltr'>leonis</span> 
     </span>
     <span class='ocr_line' id='line_1_31' title="bbox 114 3739 1014 3831; baseline -0.003 -24"><span class='ocrx_word' id='word_1_188' title='bbox 114 3743 310 3808; x_wconf 81' lang='lat' dir='ltr'>mandantur</span> <span class='ocrx_word' id='word_1_189' title='bbox 331 3739 461 3821; x_wconf 83' lang='lat' dir='ltr'>magnis</span> <span class='ocrx_word' id='word_1_190' title='bbox 485 3740 678 3831; x_wconf 84' lang='lat' dir='ltr'>clamoribus</span> <span class='ocrx_word' id='word_1_191' title='bbox 703 3742 810 3806; x_wconf 86' lang='lat' dir='ltr'>omnia</span> <span class='ocrx_word' id='word_1_192' title='bbox 831 3741 1014 3824; x_wconf 85' lang='lat' dir='ltr'>complent.</span> 
     </span>
    </p>
   </div>
   <div class='ocr_carea' id='block_1_3' title="bbox 115 3926 318 3935">
    <p class='ocr_par' dir='ltr' id='par_1_3' title="bbox 115 3926 318 3935">
     <span class='ocr_line' id='line_1_32' title="bbox 115 3926 318 3935; baseline -0.005 0"><span class='ocrx_word' id='word_1_193' title='bbox 115 3926 318 3935; x_wconf 51' lang='grc'>*-</span> 
     </span>
    </p>
   </div>
   <div class='ocr_carea' id='block_1_4' title="bbox 116 4036 1245 4201">
    <p class='ocr_par' dir='ltr' id='par_1_4' title="bbox 116 4036 1245 4201">
     <span class='ocr_line' id='line_1_33' title="bbox 117 4036 1244 4111; baseline -0.006 -18"><span class='ocrx_word' id='word_1_194' title='bbox 117 4044 167 4094; x_wconf 78' lang='grc'>984</span> <span class='ocrx_word' id='word_1_195' title='bbox 183 4045 322 4096; x_wconf 81' lang='lat' dir='ltr'>voluntas.</span> <span class='ocrx_word' id='word_1_196' title='bbox 341 4039 355 4111; x_wconf 95' lang='grc' dir='ltr'>Η</span> <span class='ocrx_word' id='word_1_197' title='bbox 383 4042 433 4091; x_wconf 87' lang='grc'>989</span> <span class='ocrx_word' id='word_1_198' title='bbox 453 4041 549 4104; x_wconf 88' lang='lat' dir='ltr'>palmas</span> <span class='ocrx_word' id='word_1_199' title='bbox 575 4038 587 4108; x_wconf 95' lang='grc' dir='ltr'>Η</span> <span class='ocrx_word' id='word_1_200' title='bbox 615 4045 664 4090; x_wconf 90' lang='grc'>990</span> <span class='ocrx_word' id='word_1_201' title='bbox 688 4057 763 4104; x_wconf 87' lang='lat' dir='ltr'>saepe</span> <span class='ocrx_word' id='word_1_202' title='bbox 782 4041 882 4103; x_wconf 87' lang='lat' dir='ltr'>quiere.</span> <span class='ocrx_word' id='word_1_203' title='bbox 908 4038 921 4107; x_wconf 99' lang='grc' dir='ltr'>Η</span> <span class='ocrx_word' id='word_1_204' title='bbox 947 4043 995 4089; x_wconf 89' lang='grc'>991</span> <span class='ocrx_word' id='word_1_205' title='bbox 1016 4041 1134 4101; x_wconf 82' lang='lat' dir='ltr'>vocisque</span> <span class='ocrx_word' id='word_1_206' title='bbox 1154 4036 1168 4105; x_wconf 95' lang='grc' dir='ltr'>Η</span> <span class='ocrx_word' id='word_1_207' title='bbox 1194 4040 1244 4086; x_wconf 83' lang='grc'>995</span> 
     </span>
     <span class='ocr_line' id='line_1_34' title="bbox 116 4124 1245 4201; baseline -0.011 -18"><span class='ocrx_word' id='word_1_208' title='bbox 116 4128 177 4197; x_wconf 68' lang='lat' dir='ltr'>ing!</span> <span class='ocrx_word' id='word_1_209' title='bbox 195 4128 212 4201; x_wconf 92' lang='grc' dir='ltr'>Η</span> <span class='ocrx_word' id='word_1_210' title='bbox 230 4132 305 4182; x_wconf 75' lang='lat' dir='ltr'>deira</span> <span class='ocrx_word' id='word_1_211' title='bbox 333 4127 347 4197; x_wconf 96' lang='grc' dir='ltr'>Η</span> <span class='ocrx_word' id='word_1_212' title='bbox 375 4131 426 4178; x_wconf 85' lang='grc'>996</span> <span class='ocrx_word' id='word_1_213' title='bbox 446 4128 584 4176; x_wconf 89' lang='lat' dir='ltr'>terroribus</span> <span class='ocrx_word' id='word_1_214' title='bbox 611 4125 623 4195; x_wconf 97' lang='grc' dir='ltr'>Η</span> <span class='ocrx_word' id='word_1_215' title='bbox 651 4130 1044 4178; x_wconf 69' lang='lat'>1000-10032991-994.</span> <span class='ocrx_word' id='word_1_216' title='bbox 1068 4124 1082 4193; x_wconf 96' lang='grc' dir='ltr'>Η</span> <span class='ocrx_word' id='word_1_217' title='bbox 1107 4128 1172 4175; x_wconf 88' lang='grc'><strong>1011</strong></span> <span class='ocrx_word' id='word_1_218' title='bbox 1196 4139 1245 4185; x_wconf 89' lang='lat' dir='ltr'>que</span> 
     </span>
    </p>
   </div>
   <div class='ocr_carea' id='block_1_5' title="bbox 115 4216 1044 4377">
    <p class='ocr_par' dir='ltr' id='par_1_5' title="bbox 115 4216 1044 4377">
     <span class='ocr_line' id='line_1_35' title="bbox 115 4216 552 4290; baseline -0.018 -18"><span class='ocrx_word' id='word_1_219' title='bbox 115 4219 244 4271; x_wconf 76' lang='lat' dir='ltr'>muribus</span> <span class='ocrx_word' id='word_1_220' title='bbox 264 4218 280 4290; x_wconf 95' lang='grc' dir='ltr'>Η</span> <span class='ocrx_word' id='word_1_221' title='bbox 303 4219 374 4268; x_wconf 85' lang='grc'><strong>1013</strong></span> <span class='ocrx_word' id='word_1_222' title='bbox 395 4216 552 4278; x_wconf 78' lang='lat' dir='ltr'>exipugnant</span> 
     </span>
     <span class='ocr_line' id='line_1_36' title="bbox 979 4309 1044 4377; baseline 0.015 -1"><span class='ocrx_word' id='word_1_223' title='bbox 979 4309 1044 4377; x_wconf 76' lang='lat'>10*</span> 
     </span>
    </p>
   </div>
   <div class='ocr_carea' id='block_1_6' title="bbox 0 0 1349 4658">
    <p class='ocr_par' dir='ltr' id='par_1_6' title="bbox 0 0 1349 4658">
     <span class='ocr_line' id='line_1_37' title="bbox 0 0 1349 4658; baseline 0 0"><span class='ocrx_word' id='word_1_224' title='bbox 0 0 1349 4658; x_wconf 95' lang='lat' dir='ltr'> </span> 
     </span>
    </p>
   </div>
  </div>
 </body>
</html>
