<?xml version="1.0" encoding="UTF-8"?>
<!DOCTYPE html PUBLIC "-//W3C//DTD XHTML 1.0 Transitional//EN"
    "http://www.w3.org/TR/xhtml1/DTD/xhtml1-transitional.dtd">
<html xmlns="http://www.w3.org/1999/xhtml" xml:lang="en" lang="en">
 <head>
  <title>
</title>
<meta http-equiv="Content-Type" content="text/html;charset=utf-8" />
  <meta name='ocr-system' content='tesseract 3.04.00' />
  <meta name='ocr-capabilities' content='ocr_page ocr_carea ocr_par ocr_line ocrx_word'/>
</head>
<body>
  <div class='ocr_page' id='page_1' title='image "./tlucreticarider15carugoog_0120.png"; bbox 0 0 2744 4658; ppageno 0'>
   <div class='ocr_carea' id='block_1_1' title="bbox 428 1078 988 1165">
    <p class='ocr_par' dir='ltr' id='par_1_1' title="bbox 428 1078 988 1165">
     <span class='ocr_line' id='line_1_1' title="bbox 428 1078 988 1165; baseline -0.002 -3"><span class='ocrx_word' id='word_1_1' title='bbox 428 1081 476 1162; x_wconf 86' lang='lat' dir='ltr'>T.</span> <span class='ocrx_word' id='word_1_2' title='bbox 507 1079 800 1165; x_wconf 84' lang='lat' dir='ltr'>LUCRETI</span> <span class='ocrx_word' id='word_1_3' title='bbox 831 1078 988 1162; x_wconf 80' lang='lat' dir='ltr'><strong>CARI</strong></span> 
     </span>
    </p>
   </div>
   <div class='ocr_carea' id='block_1_2' title="bbox 249 1290 1156 1421">
    <p class='ocr_par' dir='ltr' id='par_1_2' title="bbox 249 1290 1156 1421">
     <span class='ocr_line' id='line_1_2' title="bbox 249 1290 1156 1421; baseline 0 -7"><span class='ocrx_word' id='word_1_4' title='bbox 249 1317 367 1415; x_wconf 83' lang='lat' dir='ltr'>un</span> <span class='ocrx_word' id='word_1_5' title='bbox 413 1316 735 1416; x_wconf 76' lang='lat' dir='ltr'>annunt</span> <span class='ocrx_word' id='word_1_6' title='bbox 778 1290 1156 1421; x_wconf 79' lang='lat' dir='ltr'><strong>NATURA</strong></span> 
     </span>
    </p>
   </div>
   <div class='ocr_carea' id='block_1_3' title="bbox 501 1566 907 1644">
    <p class='ocr_par' dir='ltr' id='par_1_3' title="bbox 501 1566 907 1644">
     <span class='ocr_line' id='line_1_3' title="bbox 501 1566 907 1644; baseline 0 -14"><span class='ocrx_word' id='word_1_7' title='bbox 501 1566 643 1632; x_wconf 84' lang='lat' dir='ltr'>LIBER</span> <span class='ocrx_word' id='word_1_8' title='bbox 669 1566 907 1644; x_wconf 81' lang='lat' dir='ltr'>QUARTUS.</span> 
     </span>
    </p>
   </div>
   <div class='ocr_carea' id='block_1_4' title="bbox 81 2040 1092 4005">
    <p class='ocr_par' dir='ltr' id='par_1_4' title="bbox 140 2040 984 2283">
     <span class='ocr_line' id='line_1_4' title="bbox 142 2040 984 2170; baseline -0.001 -21"><span class='ocrx_word' id='word_1_9' title='bbox 142 2040 250 2170; x_wconf 72' lang='lat' dir='ltr'>[Avia</span> <span class='ocrx_word' id='word_1_10' title='bbox 272 2083 432 2149; x_wconf 84' lang='lat' dir='ltr'>Pieridum</span> <span class='ocrx_word' id='word_1_11' title='bbox 455 2104 592 2168; x_wconf 83' lang='lat' dir='ltr'>peragro</span> <span class='ocrx_word' id='word_1_12' title='bbox 616 2085 689 2150; x_wconf 84' lang='lat' dir='ltr'>loca</span> <span class='ocrx_word' id='word_1_13' title='bbox 710 2084 829 2148; x_wconf 84' lang='lat' dir='ltr'>nullius</span> <span class='ocrx_word' id='word_1_14' title='bbox 852 2088 927 2148; x_wconf 91' lang='lat' dir='ltr'>ante</span> <span class='ocrx_word' id='word_1_15' title='bbox 981 2060 984 2066; x_wconf 15' lang='grc' dir='ltr'><strong>Δ</strong></span> 
     </span>
     <span class='ocr_line' id='line_1_5' title="bbox 140 2199 893 2283; baseline -0.001 -19"><span class='ocrx_word' id='word_1_16' title='bbox 140 2199 214 2264; x_wconf 85' lang='lat' dir='ltr'>trita</span> <span class='ocrx_word' id='word_1_17' title='bbox 235 2199 325 2264; x_wconf 81' lang='lat' dir='ltr'>scin.</span> <span class='ocrx_word' id='word_1_18' title='bbox 341 2199 430 2263; x_wconf 88' lang='lat' dir='ltr'>iuvat</span> <span class='ocrx_word' id='word_1_19' title='bbox 451 2199 595 2283; x_wconf 81' lang='lat' dir='ltr'>integros</span> <span class='ocrx_word' id='word_1_20' title='bbox 618 2200 772 2265; x_wconf 77' lang='lat' dir='ltr'>accedere</span> <span class='ocrx_word' id='word_1_21' title='bbox 795 2199 893 2263; x_wconf 84' lang='lat' dir='ltr'>fontis</span> 
     </span>
    </p>

    <p class='ocr_par' dir='ltr' id='par_1_5' title="bbox 141 2313 1013 2514">
     <span class='ocr_line' id='line_1_6' title="bbox 141 2313 1013 2399; baseline -0.001 -19"><span class='ocrx_word' id='word_1_22' title='bbox 141 2320 240 2397; x_wconf 86' lang='lat' dir='ltr'>atque</span> <span class='ocrx_word' id='word_1_23' title='bbox 263 2313 411 2397; x_wconf 88' lang='lat' dir='ltr'>haurire,</span> <span class='ocrx_word' id='word_1_24' title='bbox 428 2315 576 2398; x_wconf 86' lang='lat' dir='ltr'>iuvatque</span> <span class='ocrx_word' id='word_1_25' title='bbox 598 2335 700 2380; x_wconf 84' lang='lat' dir='ltr'>novus</span> <span class='ocrx_word' id='word_1_26' title='bbox 724 2315 895 2399; x_wconf 78' lang='lat' dir='ltr'>decerpere</span> <span class='ocrx_word' id='word_1_27' title='bbox 918 2313 1013 2379; x_wconf 83' lang='lat' dir='ltr'>flores</span> 
     </span>
     <span class='ocr_line' id='line_1_7' title="bbox 141 2429 1001 2514; baseline -0.002 -19"><span class='ocrx_word' id='word_1_28' title='bbox 141 2429 363 2513; x_wconf 77' lang='lat' dir='ltr'>insignemque</span> <span class='ocrx_word' id='word_1_29' title='bbox 385 2451 457 2494; x_wconf 91' lang='lat' dir='ltr'>mec</span> <span class='ocrx_word' id='word_1_30' title='bbox 481 2430 576 2514; x_wconf 88' lang='lat' dir='ltr'>capiti</span> <span class='ocrx_word' id='word_1_31' title='bbox 599 2435 707 2512; x_wconf 88' lang='lat' dir='ltr'>petere</span> <span class='ocrx_word' id='word_1_32' title='bbox 729 2429 804 2493; x_wconf 92' lang='lat' dir='ltr'>inde</span> <span class='ocrx_word' id='word_1_33' title='bbox 828 2450 1001 2513; x_wconf 84' lang='lat' dir='ltr'>corenam,</span> 
     </span>
    </p>

    <p class='ocr_par' dir='ltr' id='par_1_6' title="bbox 99 2530 1092 2858">
     <span class='ocr_line' id='line_1_8' title="bbox 99 2530 993 2628; baseline -0.01 -13"><span class='ocrx_word' id='word_1_34' title='bbox 99 2568 116 2615; x_wconf 84' lang='lat'>5</span> <span class='ocrx_word' id='word_1_35' title='bbox 142 2544 229 2610; x_wconf 91' lang='lat' dir='ltr'>unde</span> <span class='ocrx_word' id='word_1_36' title='bbox 251 2544 340 2628; x_wconf 84' lang='lat' dir='ltr'>prius</span> <span class='ocrx_word' id='word_1_37' title='bbox 363 2543 443 2608; x_wconf 89' lang='lat' dir='ltr'>nulli</span> <span class='ocrx_word' id='word_1_38' title='bbox 465 2543 603 2610; x_wconf 85' lang='lat' dir='ltr'>velarint</span> <span class='ocrx_word' id='word_1_39' title='bbox 624 2550 770 2628; x_wconf 88' lang='lat' dir='ltr'>tempora</span> <span class='ocrx_word' id='word_1_40' title='bbox 791 2562 925 2620; x_wconf 82' lang='lat' dir='ltr'>musae3</span> <span class='ocrx_word' id='word_1_41' title='bbox 991 2530 993 2534; x_wconf 59' lang='grc'><strong>’</strong></span> 
     </span>
     <span class='ocr_line' id='line_1_9' title="bbox 142 2656 1092 2745; baseline -0.004 -21"><span class='ocrx_word' id='word_1_42' title='bbox 142 2659 280 2745; x_wconf 89' lang='lat' dir='ltr'>primum</span> <span class='ocrx_word' id='word_1_43' title='bbox 302 2659 389 2741; x_wconf 85' lang='lat' dir='ltr'>quud</span> <span class='ocrx_word' id='word_1_44' title='bbox 411 2658 538 2741; x_wconf 85' lang='lat' dir='ltr'>magnis</span> <span class='ocrx_word' id='word_1_45' title='bbox 561 2657 672 2743; x_wconf 36' lang='lat' dir='ltr'>ducec-</span> <span class='ocrx_word' id='word_1_46' title='bbox 687 2657 726 2721; x_wconf 92' lang='lat' dir='ltr'>de</span> <span class='ocrx_word' id='word_1_47' title='bbox 750 2658 844 2722; x_wconf 84' lang='lat' dir='ltr'>rebus</span> <span class='ocrx_word' id='word_1_48' title='bbox 868 2663 899 2722; x_wconf 90' lang='lat' dir='ltr'>et</span> <span class='ocrx_word' id='word_1_49' title='bbox 922 2656 1000 2720; x_wconf 81' lang='lat' dir='ltr'>artis</span> <span class='ocrx_word' id='word_1_50' title='bbox 1089 2703 1092 2708; x_wconf 88' lang='lat'>-</span> 
     </span>
     <span class='ocr_line' id='line_1_10' title="bbox 141 2773 943 2858; baseline -0.005 -19"><span class='ocrx_word' id='word_1_51' title='bbox 141 2774 330 2858; x_wconf 85' lang='lat' dir='ltr'>religionum</span> <span class='ocrx_word' id='word_1_52' title='bbox 353 2775 494 2838; x_wconf 87' lang='lat' dir='ltr'>animum</span> <span class='ocrx_word' id='word_1_53' title='bbox 516 2773 610 2838; x_wconf 82' lang='lat' dir='ltr'>nudis</span> <span class='ocrx_word' id='word_1_54' title='bbox 635 2773 800 2838; x_wconf 84' lang='lat' dir='ltr'>exsolvere</span> <span class='ocrx_word' id='word_1_55' title='bbox 823 2793 943 2858; x_wconf 83' lang='lat' dir='ltr'>perge,</span> 
     </span>
    </p>

    <p class='ocr_par' dir='ltr' id='par_1_7' title="bbox 81 2868 999 3086">
     <span class='ocr_line' id='line_1_11' title="bbox 81 2868 999 2973; baseline -0.002 -20"><span class='ocrx_word' id='word_1_56' title='bbox 81 2868 85 2875; x_wconf 34' lang='lat'>¹</span> <span class='ocrx_word' id='word_1_57' title='bbox 144 2888 263 2955; x_wconf 89' lang='lat' dir='ltr'>deinde</span> <span class='ocrx_word' id='word_1_58' title='bbox 287 2887 372 2969; x_wconf 85' lang='lat' dir='ltr'>qued</span> <span class='ocrx_word' id='word_1_59' title='bbox 396 2888 532 2953; x_wconf 88' lang='lat' dir='ltr'>obscura</span> <span class='ocrx_word' id='word_1_60' title='bbox 555 2888 594 2952; x_wconf 92' lang='lat' dir='ltr'>de</span> <span class='ocrx_word' id='word_1_61' title='bbox 617 2909 651 2951; x_wconf 88' lang='lat' dir='ltr'>rc</span> <span class='ocrx_word' id='word_1_62' title='bbox 674 2895 740 2952; x_wconf 83' lang='lat' dir='ltr'>tarn</span> <span class='ocrx_word' id='word_1_63' title='bbox 762 2889 871 2953; x_wconf 88' lang='lat' dir='ltr'>lucida</span> <span class='ocrx_word' id='word_1_64' title='bbox 893 2908 999 2973; x_wconf 86' lang='lat' dir='ltr'>pango</span> 
     </span>
     <span class='ocr_line' id='line_1_12' title="bbox 145 3003 957 3086; baseline -0.004 -18"><span class='ocrx_word' id='word_1_65' title='bbox 145 3004 309 3086; x_wconf 86' lang='lat' dir='ltr'>cannina,</span> <span class='ocrx_word' id='word_1_66' title='bbox 325 3022 455 3068; x_wconf 85' lang='lat' dir='ltr'>musaeu</span> <span class='ocrx_word' id='word_1_67' title='bbox 479 3003 668 3084; x_wconf 81' lang='lat' dir='ltr'>contingens</span> <span class='ocrx_word' id='word_1_68' title='bbox 692 3010 806 3067; x_wconf 88' lang='lat' dir='ltr'>cuncta</span> <span class='ocrx_word' id='word_1_69' title='bbox 828 3004 957 3086; x_wconf 89' lang='lat' dir='ltr'>lepore.</span> 
     </span>
    </p>

    <p class='ocr_par' dir='ltr' id='par_1_8' title="bbox 85 3117 1030 3660">
     <span class='ocr_line' id='line_1_13' title="bbox 85 3117 1011 3201; baseline -0.01 -13"><span class='ocrx_word' id='word_1_70' title='bbox 85 3142 119 3188; x_wconf 89' lang='lat'>10</span> <span class='ocrx_word' id='word_1_71' title='bbox 145 3118 179 3183; x_wconf 91' lang='lat' dir='ltr'>id</span> <span class='ocrx_word' id='word_1_72' title='bbox 202 3137 328 3201; x_wconf 83' lang='lat' dir='ltr'>quoque</span> <span class='ocrx_word' id='word_1_73' title='bbox 352 3118 434 3183; x_wconf 80' lang='lat' dir='ltr'>eninr</span> <span class='ocrx_word' id='word_1_74' title='bbox 457 3139 524 3184; x_wconf 86' lang='lat' dir='ltr'>non</span> <span class='ocrx_word' id='word_1_75' title='bbox 547 3120 589 3183; x_wconf 91' lang='lat' dir='ltr'>ab</span> <span class='ocrx_word' id='word_1_76' title='bbox 611 3118 701 3182; x_wconf 88' lang='lat' dir='ltr'>nulla</span> <span class='ocrx_word' id='word_1_77' title='bbox 723 3119 847 3181; x_wconf 87' lang='lat' dir='ltr'>ratione</span> <span class='ocrx_word' id='word_1_78' title='bbox 869 3117 1011 3180; x_wconf 86' lang='lat' dir='ltr'>videtur:</span> 
     </span>
     <span class='ocr_line' id='line_1_14' title="bbox 145 3232 989 3317; baseline -0.004 -19"><span class='ocrx_word' id='word_1_79' title='bbox 145 3253 222 3298; x_wconf 85' lang='lat' dir='ltr'>nam</span> <span class='ocrx_word' id='word_1_80' title='bbox 243 3234 296 3299; x_wconf 90' lang='lat' dir='ltr'>vel</span> <span class='ocrx_word' id='word_1_81' title='bbox 318 3234 364 3298; x_wconf 90' lang='lat' dir='ltr'>uti</span> <span class='ocrx_word' id='word_1_82' title='bbox 386 3234 494 3317; x_wconf 90' lang='lat' dir='ltr'>pueris</span> <span class='ocrx_word' id='word_1_83' title='bbox 518 3233 679 3299; x_wconf 80' lang='lat' dir='ltr'>absinthia</span> <span class='ocrx_word' id='word_1_84' title='bbox 701 3238 804 3297; x_wconf 89' lang='lat' dir='ltr'>taetra</span> <span class='ocrx_word' id='word_1_85' title='bbox 825 3232 989 3296; x_wconf 82' lang='lat' dir='ltr'>medentes</span> 
     </span>
     <span class='ocr_line' id='line_1_15' title="bbox 145 3347 1030 3433; baseline -0.006 -20"><span class='ocrx_word' id='word_1_86' title='bbox 145 3368 216 3413; x_wconf 83' lang='lat' dir='ltr'>curn</span> <span class='ocrx_word' id='word_1_87' title='bbox 239 3348 318 3414; x_wconf 89' lang='lat' dir='ltr'>dare</span> <span class='ocrx_word' id='word_1_88' title='bbox 340 3354 516 3427; x_wconf 86' lang='lat' dir='ltr'>conantur,</span> <span class='ocrx_word' id='word_1_89' title='bbox 532 3348 621 3433; x_wconf 80' lang='lat' dir='ltr'>prius</span> <span class='ocrx_word' id='word_1_90' title='bbox 643 3348 871 3432; x_wconf 70' lang='lat' dir='ltr'>01·aS‚pucula</span> <span class='ocrx_word' id='word_1_91' title='bbox 893 3347 1030 3422; x_wconf 87' lang='lat' dir='ltr'>circum,</span> 
     </span>
     <span class='ocr_line' id='line_1_16' title="bbox 146 3462 905 3545; baseline -0.004 -17"><span class='ocrx_word' id='word_1_92' title='bbox 146 3463 335 3545; x_wconf 81' lang='lat' dir='ltr'>contingunt</span> <span class='ocrx_word' id='word_1_93' title='bbox 355 3463 459 3529; x_wconf 85' lang='lat' dir='ltr'>mellis</span> <span class='ocrx_word' id='word_1_94' title='bbox 482 3462 566 3527; x_wconf 88' lang='lat' dir='ltr'>dulei</span> <span class='ocrx_word' id='word_1_95' title='bbox 589 3462 737 3543; x_wconf 86' lang='lat' dir='ltr'>flavoque</span> <span class='ocrx_word' id='word_1_96' title='bbox 760 3463 905 3543; x_wconf 82' lang='lat' dir='ltr'>liquore,</span> 
     </span>
     <span class='ocr_line' id='line_1_17' title="bbox 144 3575 872 3660; baseline -0.004 -19"><span class='ocrx_word' id='word_1_97' title='bbox 144 3583 180 3641; x_wconf 94' lang='lat' dir='ltr'>ut</span> <span class='ocrx_word' id='word_1_98' title='bbox 199 3597 370 3660; x_wconf 89' lang='lat' dir='ltr'>puerorum</span> <span class='ocrx_word' id='word_1_99' title='bbox 392 3584 481 3643; x_wconf 84' lang='lat' dir='ltr'>aetas</span> <span class='ocrx_word' id='word_1_100' title='bbox 503 3575 671 3660; x_wconf 83' lang='lat' dir='ltr'>inprovida</span> <span class='ocrx_word' id='word_1_101' title='bbox 692 3576 872 3642; x_wconf 85' lang='lat' dir='ltr'>ludificetur</span> 
     </span>
    </p>

    <p class='ocr_par' dir='ltr' id='par_1_9' title="bbox 88 3692 948 4005">
     <span class='ocr_line' id='line_1_18' title="bbox 88 3692 914 3774; baseline -0.008 -14"><span class='ocrx_word' id='word_1_102' title='bbox 88 3712 120 3760; x_wconf 80' lang='lat'>15</span> <span class='ocrx_word' id='word_1_103' title='bbox 145 3692 306 3757; x_wconf 87' lang='lat' dir='ltr'>labrorum</span> <span class='ocrx_word' id='word_1_104' title='bbox 328 3698 440 3770; x_wconf 84' lang='lat' dir='ltr'>tenus,</span> <span class='ocrx_word' id='word_1_105' title='bbox 457 3693 581 3757; x_wconf 87' lang='lat' dir='ltr'>interea</span> <span class='ocrx_word' id='word_1_106' title='bbox 602 3697 748 3774; x_wconf 85' lang='lat' dir='ltr'>perpotet</span> <span class='ocrx_word' id='word_1_107' title='bbox 770 3711 914 3755; x_wconf 89' lang='lat' dir='ltr'>amarum</span> 
     </span>
     <span class='ocr_line' id='line_1_19' title="bbox 145 3805 948 3890; baseline -0.009 -17"><span class='ocrx_word' id='word_1_108' title='bbox 145 3805 287 3872; x_wconf 83' lang='lat' dir='ltr'>absinthi</span> <span class='ocrx_word' id='word_1_109' title='bbox 310 3807 456 3890; x_wconf 83' lang='lat' dir='ltr'>laticem,</span> <span class='ocrx_word' id='word_1_110' title='bbox 473 3807 675 3889; x_wconf 86' lang='lat' dir='ltr'>deceptaque</span> <span class='ocrx_word' id='word_1_111' title='bbox 697 3825 762 3870; x_wconf 88' lang='lat' dir='ltr'>nun</span> <span class='ocrx_word' id='word_1_112' title='bbox 785 3805 948 3889; x_wconf 82' lang='lat' dir='ltr'>capiatur,</span> 
     </span>
     <span class='ocr_line' id='line_1_20' title="bbox 145 3920 882 4005; baseline -0.008 -17"><span class='ocrx_word' id='word_1_113' title='bbox 145 3920 205 3988; x_wconf 82' lang='lat' dir='ltr'>sed</span> <span class='ocrx_word' id='word_1_114' title='bbox 226 3922 332 4005; x_wconf 84' lang='lat' dir='ltr'>potius</span> <span class='ocrx_word' id='word_1_115' title='bbox 355 3921 411 3985; x_wconf 88' lang='lat' dir='ltr'>tali</span> <span class='ocrx_word' id='word_1_116' title='bbox 434 3927 528 4005; x_wconf 88' lang='lat' dir='ltr'>paeto</span> <span class='ocrx_word' id='word_1_117' title='bbox 551 3926 696 3985; x_wconf 87' lang='lat' dir='ltr'>recreata</span> <span class='ocrx_word' id='word_1_118' title='bbox 717 3922 882 3996; x_wconf 80' lang='lat' dir='ltr'>valescat,</span> 
     </span>
    </p>
   </div>
   <div class='ocr_carea' id='block_1_5' title="bbox 151 4162 620 4233">
    <p class='ocr_par' dir='ltr' id='par_1_10' title="bbox 151 4162 620 4233">
     <span class='ocr_line' id='line_1_21' title="bbox 151 4162 620 4233; baseline -0.009 -18"><span class='ocrx_word' id='word_1_119' title='bbox 151 4167 168 4216; x_wconf 89' lang='lat'>8</span> <span class='ocrx_word' id='word_1_120' title='bbox 187 4166 289 4229; x_wconf 82' lang='lat' dir='ltr'>pendo.</span> <span class='ocrx_word' id='word_1_121' title='bbox 310 4163 323 4232; x_wconf 80' lang='grc' dir='ltr'>Η</span> <span class='ocrx_word' id='word_1_122' title='bbox 346 4168 377 4213; x_wconf 89' lang='grc'>14</span> <span class='ocrx_word' id='word_1_123' title='bbox 396 4165 428 4213; x_wconf 85' lang='lat' dir='ltr'>Et</span> <span class='ocrx_word' id='word_1_124' title='bbox 447 4162 460 4233; x_wconf 76' lang='grc' dir='ltr'>Η</span> <span class='ocrx_word' id='word_1_125' title='bbox 487 4168 516 4212; x_wconf 85' lang='grc'>17</span> <span class='ocrx_word' id='word_1_126' title='bbox 537 4172 620 4212; x_wconf 80' lang='lat' dir='ltr'>arceto</span> 
     </span>
    </p>
   </div>
   <div class='ocr_carea' id='block_1_6' title="bbox 0 0 1376 4658">
    <p class='ocr_par' dir='ltr' id='par_1_11' title="bbox 0 0 1376 4658">
     <span class='ocr_line' id='line_1_22' title="bbox 0 0 1376 4658; baseline 0 2"><span class='ocrx_word' id='word_1_127' title='bbox 0 0 1376 4658; x_wconf 95' lang='lat' dir='ltr'> </span> 
     </span>
    </p>
   </div>
  </div>
 </body>
</html>
