2744 4658
161 249 222 312 roo
559 204 742 306 ‘nr

202 417 242 479 Et
264 415 416 497 quoniam
438 420 504 479 toto
527 415 678 479 sentimus
701 434 835 499 corpore
858 415 964 481 inesse

84 551 134 599 666
160 531 289 596 vitalem
312 551 441 597 sensum
464 535 495 595 et
517 535 617 594 toturn
640 549 712 596 esse
735 530 876 596 animale
899 530 1065 614 videmus,

159 647 186 712 si
209 647 312 712 subito
336 645 474 712 medium
497 645 594 710 celeri
617 645 809 729 praeciderit
830 647 893 712 ictu

157 761 205 826 vis
228 761 357 844 aliqua,
373 767 408 825 ut
430 780 554 826 sorsum
576 768 700 845 partein
722 769 871 826 secernat
893 767 1077 846 utramque,

157 876 323 960 dispertita
344 878 454 960 procul
477 877 573 942 dubio
598 896 725 958 quoque
747 877 795 942 vis
818 876 937 941 animai

159 996 190 1056 et
211 991 348 1056 discissa
370 991 463 1056 simul
486 1012 556 1056 cunr
580 1012 712 1075 corpore
736 991 935 1056 dissicietnr.

83 1127 133 1174 oro
159 1111 192 1170 66
215 1106 301 1188 quod
324 1107 476 1171 scinditur
499 1114 531 1171 et
552 1107 652 1192 partis
676 1104 811 1173 discedit
832 1107 864 1170 in
887 1107 990 1183 ullas,

159 1220 297 1306 scilicet,
314 1228 475 1287 aeternam
498 1221 560 1287 sibi
582 1231 731 1287 naturam
754 1222 866 1286 abnuit
890 1241 981 1287 esse.

158 1336 321 1402 falciferos
344 1344 518 1401 memorant
539 1357 648 1402 currus
671 1336 837 1401 abscidere
859 1338 1002 1401 membra

160 1473 258 1536 saepe
281 1454 326 1518 ita
348 1454 389 1518 de
413 1454 515 1518 subito
538 1454 696 1535 permixta
719 1453 816 1518 caede
840 1452 994 1537 calentis,

159 1575 192 1632 ut
214 1573 350 1634 tremere
373 1569 406 1632 in
428 1575 512 1632 terra
534 1568 678 1633 rideatur
701 1568 741 1632 ab
764 1569 895 1633 artubus
918 1567 952 1631 id
975 1568 1061 1649 quod

84 1704 133 1751 646
159 1683 277 1749 decidit
299 1683 479 1760 abscisum,
496 1701 566 1745 cum
592 1703 680 1747 mens
703 1690 809 1748 tamon
832 1689 928 1765 atque
950 1683 1086 1748 hominis
1108 1682 1158 1748 vis

158 1800 335 1864 mobilitate
357 1799 434 1863 mali
456 1819 520 1863 non
544 1798 611 1878 quit
634 1799 750 1863 sentire
772 1799 935 1864 dolorem:

159 1923 190 1981 66
212 1916 311 1981 semel
333 1916 366 1978 in
388 1934 514 1999 pugnae
537 1913 642 1979 studio
667 1914 752 1996 quod
775 1915 882 1979 dedita
904 1935 995 1980 urens
1019 1921 1085 1999 est,

160 2051 292 2116 corpore
313 2031 436 2112 reliqiio
460 2004 601 2114 pugnarn
625 2030 807 2110 caedesque
829 2030 982 2113 petessit‚

159 2167 217 2210 nee
239 2153 324 2212 tonet
346 2146 498 2210 amissam
521 2144 648 2208 laevam
671 2163 742 2207 cum
764 2144 902 2227 tegmine
929 2165 1050 2229 saepe„

85 2280 136 2328 666
159 2262 241 2326 inter
264 2281 363 2342 equos
386 2261 539 2324 abstraxe
562 2265 648 2322 rotas
671 2257 834 2340 falcesque
857 2279 1012 2344 rapaces,

161 2395 220 2441 nec
242 2374 397 2440 cecidisse
421 2374 504 2438 alius
527 2371 691 2449 dextram,
710 2392 780 2437 curn
804 2374 929 2439 scandit
952 2381 983 2441 et
1003 2375 1118 2440 instat.

160 2490 235 2556 inde
258 2490 340 2554 alius
363 2495 495 2554 conatur
517 2486 665 2570 adempto
689 2508 819 2572 surgere
842 2510 956 2568 crure,

160 2627 229 2671 cum
253 2605 371 2686 digitos
393 2604 493 2688 agitat
514 2610 644 2688 propter
665 2603 875 2670 moribundus
898 2605 984 2669 humi
1006 2624 1083 2689 pes.

161 2726 192 2784 et
214 2727 310 2805 caput
331 2720 491 2785 abscisum
515 2718 619 2784 calido
643 2719 832 2800 viventeque
854 2727 963 2785 trunco

86 2855 136 2901 occ
160 2843 267 2900 servat
288 2837 374 2899 humi
397 2835 514 2899 voltum
537 2837 666 2902 vitalem
690 2837 865 2916 oculosque
888 2836 1047 2919 patentis,

159 2951 261 3015 donec
282 2950 434 3031 reliquias
458 2951 576 3014 animai
598 2950 740 3016 reddidit
762 2970 892 3017 omnes.

161 3067 235 3147 quin
259 3066 354 3130 etiarn
375 3064 433 3128 tibi
456 3065 503 3143 si,
520 3066 630 3151 lingua
653 3067 817 3145 vibrante,
833 3066 963 3131 micanti

158 3187 337 3265 serpentem
362 3180 483 3263 cauda,
502 3200 520 3245 e
541 3201 675 3264 procero
698 3184 832 3265 corpore
854 3181 1032 3265 utrimque,

159 3298 201 3361 sit
221 3296 346 3361 libitum
367 3297 401 3359 in
423 3297 539 3361 multas
562 3297 663 3380 partis
687 3295 843 3361 discidere
866 3295 971 3374 forro,

84 3430 135 3478 coo
160 3412 267 3476 omnia
289 3412 353 3476 iarn
376 3413 500 3478 sor‘snm
523 3430 633 3476 cernes
657 3412 770 3477 ancisa
793 3412 911 3476 recenti

160 3528 289 3592 volnere
311 3527 422 3592 tortari
445 3533 474 3591 et
496 3532 612 3592 terram
636 3546 849 3611 conspargere
871 3528 969 3610 tabo,
1001 3567 1007 3577 ·

159 3641 264 3727 ipsam
286 3662 383 3724 seque
407 3647 491 3707 retro
514 3648 638 3725 partem
660 3648 770 3726 petere
793 3661 848 3706 ore
871 3642 1030 3725 priorem,

159 3758 299 3823 volneris
323 3758 446 3823 ardenti
470 3762 504 3821 ut
525 3776 633 3823 morsu
656 3763 777 3841 premat
799 3757 863 3821 iota
886 3755 1050 3821 dolorem.

160 3940 361 3952 —--.--..-....

163 4060 213 4108 644
233 4062 265 4110 ad
282 4060 387 4119 artubus
416 4057 429 4128 Η
457 4063 507 4109 645
526 4059 625 4110 Dioidit
654 4056 668 4127 Η
698 4062 747 4109 647
767 4058 842 4109 simul
871 4055 884 4127 Η
914 4059 965 4107 656
984 4066 1039 4106 6666
1064 4054 1076 4124 Η
1104 4051 1283 4123 obliuisci}

163 4150 212 4196 657
232 4149 357 4198 minanti.
379 4144 392 4215 Η
413 4150 462 4197 658
481 4147 610 4211 Serpentis
622 4149 702 4198 calide
717 4144 857 4275 6666666011
877 4155 1027 4208 utrumqne.
1049 4142 1062 4212 Η
1083 4147 1133 4194 662
1153 4152 1249 4194 reretro
1271 4140 1283 4210 ΙΙ

164 4236 337 4286 6636161666.
