2744 4658
716 240 744 304 V

168 384 265 489 quam
289 405 366 471 dare
389 407 475 488 quod
497 415 663 489 gemerent
686 409 814 493 hostes,
831 411 955 494 ipsique
978 414 1103 498 perire,

166 520 221 604 qui
244 540 376 587 numero
399 521 588 589 diffidebant
609 525 770 607 crurisque
792 527 968 591 vacabant.

77 657 150 705 1350
209 636 334 702 Nexilis
358 643 432 702 ante
455 637 515 702 fuit
537 639 634 705 vestis
657 631 752 723 quam
775 642 885 706 textile
909 649 1057 726 tegmen.

165 750 276 816 textile
297 758 371 835 post
393 749 560 825 ferrumst.
577 754 652 836 quia
674 754 758 820 ferro
782 757 846 821 tela
868 763 1019 842 paratur,

164 887 226 932 nec
248 866 371 930 ratione
394 866 461 932 alia
483 876 617 953 possunt
638 876 703 934 tam
727 871 813 937 levia
836 873 923 957 gigni

165 981 275 1047 insilia
296 1002 334 1046 ac
355 981 416 1047 fusi
430 1032 438 1067 ‚
453 983 556 1067 radii,
572 986 726 1068 scapique
750 995 921 1052 sonantes.

165 1104 198 1163 et
219 1095 326 1161 facere
349 1104 421 1162 ante
445 1099 530 1164 viros
552 1100 660 1165 lanam
683 1106 798 1165 natura
820 1101 924 1185 coegit

78 1235 149 1284 1355
166 1233 264 1296 quam
287 1212 440 1277 muliebre
463 1235 585 1295 genus:
603 1236 678 1280 nam
700 1217 797 1298 longe
820 1222 963 1299 praestat
984 1216 1016 1280 in
1039 1223 1107 1284 arte

85 1372 88 1377 -
163 1336 197 1395 et
219 1328 379 1392 sollertius
403 1334 451 1394 est
473 1329 572 1394 multo
595 1350 697 1411 genus
721 1352 814 1396 omne
838 1333 946 1412 virile3

164 1444 329 1530 agricolae
352 1444 455 1510 donec
478 1443 554 1508 vitio
577 1452 701 1511 vertere
724 1448 851 1517 severi.

162 1566 199 1625 ut
219 1558 427 1624 muliebribus
448 1558 481 1623 id
504 1560 653 1625 manibus
677 1563 853 1628 concedere
874 1563 993 1627 vellent

165 1682 264 1758 atque
287 1674 350 1759 ipsi
374 1675 491 1758 pariter
513 1676 627 1740 durum
650 1678 783 1742 sufferre
805 1679 969 1763 laborem,

83 1811 151 1859 reco
167 1796 264 1874 atque
287 1810 384 1875 opere
407 1791 439 1854 in
463 1790 542 1854 duro
566 1790 717 1856 durarent
738 1795 882 1858 membra
904 1815 1103 1878 manusque.

206 1909 246 1971 At
267 1907 430 1990 specimen
453 1906 587 1972 sationis
611 1913 642 1972 et
662 1907 820 1972 insitionis
843 1908 931 1992 origo

168 2021 236 2104 ipsa
256 2020 316 2086 suit
337 2041 440 2086 rerum
463 2021 601 2106 primurn
624 2029 739 2088 natura
762 2024 920 2099 creatrix,

164 2136 332 2203 arboribus
356 2135 504 2220 quoniam
528 2138 628 2203 bacae
650 2139 850 2223 glandesque
873 2141 1015 2205 caducae

164 2251 354 2337 tempestiva
376 2251 500 2316 dabant
521 2254 680 2336 pullorum
704 2254 855 2319 examina
878 2260 1006 2339 supter;

82 2390 145 2438 rece
163 2368 251 2434 unde
274 2366 370 2431 etiam
393 2365 545 2432 libitumst
568 2370 675 2452 stirpis
698 2370 892 2434 committere
915 2369 1012 2435 ranris

163 2490 196 2550 et
218 2504 302 2549 nova
326 2483 480 2549 defodere
503 2484 535 2547 in
558 2489 677 2549 terram
699 2485 836 2568 virgulta
858 2505 916 2568 per
938 2506 1054 2570 agros.

161 2598 239 2664 inde
262 2598 360 2665 aliam
383 2605 479 2681 atque
503 2599 602 2664 aliam
625 2600 781 2664 culturam
806 2599 906 2665 dulcis
929 2600 1027 2684 agelli

163 2714 382 2798 temptabant,
399 2714 583 2797 fructusque
606 2714 693 2780 feros
716 2734 940 2780 mansuescere
962 2722 1080 2780 terram

162 2831 337 2897 cernebant
358 2830 554 2916 indulgendo
577 2831 762 2914 blandeque
785 2830 940 2897 colendo.

79 2968 147 3016 raro
165 2945 263 3029 inque
286 2945 355 3012 dies
377 2947 480 3028 magis
502 2947 534 3010 in
557 2955 696 3011 montem
721 2948 894 3014 succedere
917 2947 1014 3013 silvae

101 3086 122 3103 ·
162 3062 323 3144 cogebant
345 3061 494 3145 infraque
516 3061 621 3126 locum
645 3064 820 3128 concedere
842 3062 956 3146 cultis,

165 3183 259 3262 prata
282 3178 373 3243 lacus
395 3179 480 3243 rivos
504 3185 633 3261 segetes
654 3177 826 3260 vinetaque
849 3178 933 3241 laeta

165 3293 302 3359 collibus
324 3298 356 3358 et
378 3293 499 3378 eampis
522 3301 555 3358 ut
577 3293 751 3369 haberent,
768 3298 864 3374 atque
887 3293 1031 3358 olearum

164 3408 294 3474 caerula
315 3408 516 3492 distinguens
538 3409 620 3474 inter
644 3408 745 3492 plaga
771 3426 898 3472 currere
920 3416 1030 3492 posset

82 3544 148 3592 1375
166 3544 223 3610 per
245 3526 384 3590 tumulos
408 3531 439 3591 et
461 3524 616 3593 convallis
640 3542 833 3606 camposque
856 3522 1006 3608 profusa3

163 3646 198 3704 ut
219 3661 304 3705 nune
327 3661 399 3708 esse
422 3642 513 3708 vides
536 3643 625 3708 vario
648 3641 796 3706 distincta
818 3639 930 3723 lepore

164 3756 289 3841 omnia,
307 3776 390 3839 quae
412 3758 515 3842 pomis
537 3758 682 3824 intersita
705 3755 850 3822 dulcibus
873 3765 987 3822 ornant

164 3871 369 3954 arbustisque
392 3879 499 3939 tenent
521 3874 666 3940 felicibus
689 3873 795 3957 opsita
818 3873 955 3937 circum.

204 3986 265 4075 [At
286 3987 425 4069 liquidas
448 3988 553 4053 avium
575 4009 672 4054 voces
694 3988 847 4053 imitarier
870 4008 924 4053 ore

170 4236 237 4285 1354
256 4234 343 4283 ianam
363 4231 377 4302 ΙΙ
400 4236 464 4284 1361
485 4237 510 4285 Α
530 4232 544 4303 ll
567 4238 632 4285 1366
652 4235 768 4286 defodire
789 4232 803 4303 Η
825 4236 892 4285 1368
911 4244 994 4285 terra.
