2744 4658
694 235 739 300 Vl

153 410 207 476 hic
228 409 282 474 ubi
305 410 354 474 sol
376 408 495 485 radiis,
512 413 734 493 tempestatem
756 408 837 472 inter
861 427 1015 492 opacam,

78 548 129 596 555
154 526 295 592 adversa
316 525 404 591 fulsit
424 524 604 589 nimborum
627 523 799 607 aspargine
822 531 953 608 contra,

153 648 221 707 tum
245 642 334 706 color
356 642 388 705 in
411 640 512 721 nigris
536 640 641 704 existit
664 628 937 725 ssQss

195 758 310 822 Cetera
333 744 417 837 quae
440 774 542 819 cursu·
558 761 704 819 crescunt
725 775 884 837 cursuque
908 763 1076 832 creantur,

154 879 187 937 et
209 891 290 953 quae
314 877 523 936 concrescunt
544 871 576 933 in
599 869 757 952 nubibus,
775 870 903 965 omnia,
920 891 1068 954 prorsum

155 986 284 1070 omnia,
301 987 377 1070 nix,
394 985 500 1060 venti,
516 985 659 1070 grando,
676 985 869 1066 gelidaeque
892 987 1025 1069 pruinae
1038 1036 1051 1070 ,⁷

79 1125 128 1173 555
153 1110 187 1168 51
208 1103 256 1167 vis
278 1076 399 1184 magna
415 1082 485 1182 ‘geli
498 1152 506 1175 ‚
521 1082 671 1183 magnum
694 1082 849 1164 duramen
873 1081 1029 1187 aquarum
1042 1152 1066 1185 „

153 1224 186 1284 et
207 1237 300 1282 mora
324 1236 409 1298 quae
431 1216 546 1281 fluvios
568 1215 689 1298 passim
714 1215 855 1280 refrenat
878 1217 1003 1300 euritis,
1029 1242 1032 1247 ·

153 1333 340 1420 perfacilest
361 1339 469 1397 tamen
492 1331 571 1396 haec
592 1332 732 1416 reperire
755 1332 926 1412 animoque
948 1331 1057 1396 videre

153 1450 263 1513 omnia
286 1469 349 1530 quo
372 1454 466 1530 pacto
489 1446 570 1511 fiant
591 1465 656 1528 qua
679 1439 755 1510 reve
776 1453 943 1528 creentur,

79 1578 83 1586 ·
154 1585 227 1630 cum
252 1564 332 1628 bene
355 1563 503 1646 cognoris
524 1561 689 1628 elementis
711 1561 839 1626 reddita
861 1581 945 1642 quae
968 1563 1052 1626 sint.

80 1700 130 1748 555
198 1681 291 1744 Nunc
313 1697 492 1763 age‚quae
515 1677 990 1774 ratio-terraimotjhuseutet
1030 1747 1032 1751 ,

154 1795 304 1881 percipe.
321 1801 353 1858 et
374 1794 407 1856 in
429 1794 540 1877 primis
562 1800 678 1856 terram
703 1792 753 1857 fao
776 1800 810 1854 ut
833 1811 905 1856 esse
928 1793 1030 1857 rearis

157 1916 266 1994 supter
288 1909 362 1973 item
387 1915 422 1972 ut
443 1929 561 1993 supera.
582 1908 724 1972 ventosis
746 1908 886 1988 uudique
910 1908 1037 1991 plenam

159 2025 337 2111 speluncis,
353 2024 534 2106 multosque
557 2023 644 2087 lacus
668 2022 848 2104 multasque
871 2024 1007 2087 lucunas

156 2142 189 2206 in
210 2140 334 2222 gremio
357 2159 468 2222 gerere
492 2147 523 2203 et
546 2159 642 2224 rupes
664 2139 864 2222 deruptaque
888 2159 986 2202 saxa:

81 2276 130 2325 545
155 2256 322 2339 multaque
345 2255 403 2320 sub
426 2261 517 2337 tergo
539 2253 637 2318 terrai
660 2252 792 2317 flumina
814 2258 897 2318 tecta

154 2373 285 2437 volvero
308 2370 337 2434 vi
361 2369 474 2433 fluctus
497 2387 738 2449 summersaque
761 2388 841 2432 saxa
865 2371 1090 2453 putandumst:

154 2486 296 2568 undique
319 2486 402 2550 enim
427 2484 561 2549 similem
584 2502 656 2547 esse
679 2484 725 2546 sul
749 2502 802 2547 res
825 2484 964 2566 postulat
987 2485 1079 2567 ipsa.

153 2601 206 2666 his
227 2600 322 2684 igitur
344 2601 441 2664 rebus
465 2600 638 2664 subiunctis
662 2598 901 2682 suppositisque

154 2721 241 2781 terra
263 2735 401 2798 superne
423 2715 529 2778 tremit
550 2713 676 2794 maguis
700 2733 856 2778 concussa
880 2714 997 2787 ruinis,
1039 2705 1042 2709 ⁴

79 2806 129 2899 545
157 2832 267 2896 subter
290 2831 344 2894 ubi
366 2831 503 2912 ingentis
526 2831 697 2914 speluncas
721 2829 843 2893 subruit
864 2835 973 2892 aetas:

107 2984 114 2999 ι
156 2946 277 3029 quippe
300 2945 418 3009 cadunt
440 2948 496 3010 toti
520 2952 665 3026 rnontes,
681 2965 865 3026 magnoque
888 2952 1019 3028 repente

156 3080 314 3126 concussu
337 3061 403 3124 late
426 3060 609 3143 disserpunt
633 3061 707 3122 inde
730 3070 903 3124 tremores.

156 3182 189 3240 et
212 3177 344 3258 merito,
362 3178 512 3256 quoniam
535 3175 667 3258 plaustri
693 3193 849 3237 concussa
870 3180 1062 3239 tremescunt

155 3297 262 3375 tecta,
278 3290 362 3354 viam
386 3297 534 3373 propter,
551 3311 616 3354 non
639 3309 756 3373 magno
781 3288 926 3372 pondere
948 3295 1033 3364 tota,

73 3426 130 3474 555
156 3425 217 3471 1155
239 3407 344 3470 minus
368 3405 530 3488 exultant,
548 3413 579 3469 et
601 3405 656 3470 ubi
680 3403 752 3488 lapi’
777 3424 913 3485 cumque
936 3404 1000 3468 viai

155 3520 295 3585 ferratos
317 3522 475 3602 utrimque
499 3527 637 3585 rotarum
661 3519 797 3584 succutit
819 3520 933 3585 orbes.
971 3594 974 3601 .

156 3635 189 3701 fit
211 3656 359 3720 quoque,
378 3637 431 3700 ubi
454 3637 486 3699 in
510 3655 642 3717 magnas
666 3641 772 3714 aqllae
794 3639 965 3717 vastasque
990 3637 1123 3701 lucunas

158 3971 209 4017 524
228 3976 375 4032 tempestate
394 3969 445 4017 inte
471 3967 484 4033 ll
509 3971 559 4016 526
579 3967 654 4015 existi
679 3963 692 4034 ΙΙ
717 3968 766 4015 527
786 3984 884 4017 sursum
905 3964 918 4036 ll
938 3985 1086 4032 sursumque
1106 3967 1120 4039 ll
1142 3973 1189 4021 531
1212 3973 1282 4021 avin-

158 4056 206 4104 tis.
232 4057 243 4122 ΙΙ
269 4059 319 4105 532
340 4057 465 4105 Perfacile
483 4057 504 4103 si
530 4052 544 4121 ll
570 4058 620 4104 533
640 4055 721 4102 fluant
744 4053 757 4118 ll
784 4057 833 4102 535
854 4063 931 4102 terras
958 4053 971 4122 ll
995 4059 1044 4105 531
1065 4074 1139 4121 super
1157 4060 1237 4108 ventis
1263 4060 1276 4126 Η

121 4166 126 4173 ⁴
159 4146 207 4193 539
227 4159 301 4208 rupes
320 4144 425 4206 derupes
452 4141 465 4210 Η
493 4147 540 4192 541
562 4157 745 4192 summersosca
769 4140 781 4210 ll
808 4145 857 4192 542
877 4144 960 4193 simile
979 4160 1032 4194 esse
1051 4147 1074 4193 ri
1094 4147 1107 4212 ΙΙ
1128 4148 1282 4210 548515115-

158 4232 202 4280 tris
222 4232 235 4300 Η
255 4234 307 4281 550
326 4246 352 4279 es
371 4231 462 4293 drrpuis
481 4247 588 4293 cumque
608 4232 676 4279 rim.
