2744 4658
682 227 726 291 VI

142 400 323 483 conspicias
346 399 502 483 hominis,
519 400 554 463 fit
576 407 609 463 ut
631 399 734 465 omnis
758 398 863 464 dicere
886 417 1001 464 causas

142 517 311 581 conveniat
332 515 408 592 leti,
425 516 548 581 dicatur
571 521 605 578 ut
626 515 713 579 illius
736 536 821 579 una:

142 653 217 697 nam
239 650 345 714 neque
369 651 440 696 eum
464 630 549 696 ferro
573 651 633 696 nec
654 630 773 714 frigore
796 629 923 695 vincere
946 629 1051 714 possis

142 746 302 811 interiisse
325 766 429 829 neque
453 768 472 810 a
494 748 604 811 morbo
627 765 731 828 neque
753 746 835 811 forte
856 764 982 810 veneno
996 771 1027 821 ‚0

68 881 116 928 710
142 880 254 926 verum
277 862 401 943 aliquid
424 882 542 947 genere
566 881 637 927 esse
662 883 702 926 ex
725 862 785 926 hoc
807 861 900 944 quod·
916 860 1047 944 contigit
1069 860 1097 925 ci

141 976 279 1042 scimus.
296 978 369 1041 item
393 978 424 1041 in
448 979 556 1044 multis
579 978 639 1043 hoc
662 977 759 1042 rebus
783 977 888 1042 dicere
912 977 1088 1040 habemus.
1119 1017 1176 1033 „-

181 1092 274 1156 Nilus
297 1092 328 1156 in
353 1070 507 1160 aestatem
532 1093 646 1159 crescit
668 1093 855 1177 campisque
878 1092 1053 1174 redundat,
1253 1068 1257 1074 ¹

141 1207 254 1271 unicus
275 1207 308 1271 in
331 1209 425 1273 terris
447 1210 584 1293 Aegypti
609 1209 704 1274 totius
728 1209 852 1272 amnis.

141 1322 169 1386 is
191 1323 275 1404 rigat
298 1326 481 1407 Aegyptum
503 1326 644 1389 medium
665 1344 723 1408 per
736 1342 843 1407 saepe
866 1323 1025 1409 calorem,

68 1458 116 1504 715
143 1445 199 1502 aut
221 1438 297 1519 quia
320 1447 393 1503 sunt
414 1447 537 1505 aestate
561 1441 728 1523 aquilones
752 1439 834 1504 ostia
858 1444 988 1512 contra,

142 1552 217 1615 anni
241 1558 385 1638 tempore
408 1575 446 1620 ec
470 1556 524 1637 qui
548 1557 667 1620 etesiae
691 1575 762 1620 esse
784 1555 948 1628 feruntur,

143 1678 174 1730 et
196 1674 307 1732 contra
329 1668 458 1734 fluvium
481 1669 594 1735 flantes
616 1677 816 1736 remorantur
840 1677 871 1733 et
893 1669 997 1760 undas
1056 1649 1057 1652 Ἴ

144 1790 296 1866 cogentes
319 1805 429 1850 sursus
452 1788 576 1870 replent
599 1792 781 1870 coguntque
803 1804 955 1850 manere.

143 1918 216 1961 nam
240 1898 337 1966 dubio
360 1902 473 1986 procul
496 1903 576 1967 haec
600 1903 738 1966 adverso
761 1900 862 1965 flabra
885 1901 1027 1964 teruntur
1075 1920 1079 1925 ’

68 2030 116 2079 720
143 2011 293 2093 flumine,
311 2038 394 2098 quae
417 2018 534 2100 gelidis
557 2019 597 2082 ab
622 2018 722 2082 stellis
745 2017 815 2082 axis
838 2023 996 2100 aguntur:

141 2131 195 2196 ille
220 2152 260 2197 ex
283 2133 436 2199 aestifera
457 2134 537 2217 parti
561 2134 648 2200 venit
669 2134 772 2198 amnis
795 2134 837 2198 ab
860 2137 991 2207 austro,

141 2247 224 2312 inter
247 2249 340 2333 nigra
362 2250 464 2314 virum
486 2258 636 2333 percocto
659 2250 768 2316 saecla
784 2250 898 2314 colore

143 2363 293 2429 exoriens
314 2365 441 2449 penitus
464 2365 571 2431 media
594 2367 636 2430 ab
659 2366 790 2450 regione
814 2365 897 2429 diei.

142 2486 191 2544 est
214 2501 339 2562 quoque
362 2481 406 2545 uti
429 2481 531 2566 possit
553 2501 690 2563 magnus
713 2487 883 2564 congestus
905 2480 1048 2543 harenae

68 2615 117 2662 725
141 2594 287 2662 fluctibus
312 2597 457 2662 adversis
481 2597 627 2681 oppilare
652 2598 735 2663 ostia
758 2603 889 2677 contra,

143 2731 214 2775 oum
237 2734 326 2779 mare
349 2720 525 2798 permotum
548 2713 651 2778 ventis
674 2713 737 2775 ruit
760 2712 844 2774 intus
867 2711 1042 2784 harenam3

143 2848 206 2908 quo
229 2827 263 2890 fit
285 2827 330 2891 uti
352 2834 446 2911 pacto
470 2828 551 2894 liber
574 2829 678 2892 miuus
701 2827 804 2890 exitus
827 2825 913 2890 anmi

143 2948 175 3005 et
197 2942 347 3025 proclivis
369 2942 445 3006 item
468 2941 524 3005 fiat
546 2942 649 3008 minus
672 2942 809 3025 impetus
834 2940 947 3004 undis.

143 3056 177 3121 fit
201 3077 329 3138 quoque
352 3056 397 3119 uti
421 3055 569 3138 pluviae,
586 3055 718 3140 forsan,
736 3058 839 3140 magis
862 3057 905 3121 ad
929 3062 1025 3140 caput
1049 3055 1077 3120 ei

69 3191 119 3239 730
144 3177 286 3255 tempore
311 3190 348 3235 eo
371 3170 468 3253 fiant,
487 3173 573 3254 quod
596 3171 699 3238 etesia
721 3172 823 3235 flabra
846 3172 1030 3252 aquilonum

144 3287 256 3351 nubila
280 3287 440 3351 coniciunt
462 3287 494 3348 iu
519 3306 575 3350 eas
598 3294 672 3351 tunc
696 3288 804 3351 omnia
827 3286 946 3370 partis:

144 3402 285 3486 scilicet,
303 3401 346 3466 ad
369 3401 507 3466 mediam
532 3401 695 3482 regionem
720 3402 823 3466 eiecta
847 3401 911 3464 dici

145 3536 214 3582 eum
240 3521 476 3589 convenerunt,
492 3515 536 3580 ibi
559 3516 602 3580 ad
625 3517 707 3581 altos
731 3517 870 3598 denique
893 3514 1009 3580 montis

145 3637 314 3696 contrusae
337 3632 439 3695 nubes
463 3636 618 3714 coguntur
642 3632 734 3712 vique
757 3636 961 3714 premuntur.

70 3764 121 3812 735
145 3746 281 3811 forsitan
303 3745 496 3830 Aethiopum
520 3747 647 3830 penitus
669 3748 709 3811 de
731 3746 893 3810 montibus
915 3743 989 3813 altis
1020 3747 1028 3760 ⁶

150 4025 200 4071 708
219 4022 335 4083 Namque
361 4017 372 4089 Η
399 4023 448 4070 710
468 4020 559 4069 Utrum
577 4035 668 4083 genero
692 4019 788 4081 aliquid
815 4014 827 4085 Η
853 4016 1002 4065 conticitel.
1029 4013 1042 4082 Η
1069 4017 1117 4063 710
1142 4014 1230 4063 etosire
1257 4011 1270 4082 Η

151 4113 200 4158 719
220 4109 300 4157 flabro
321 4106 334 4177 Η
357 4112 406 4156 723
426 4109 536 4156 Exorins
556 4108 569 4173 Η
592 4111 640 4156 720
661 4109 699 4155 rui
722 4104 734 4175 Η
756 4110 804 4155 727
826 4105 921 4155 arturis.
944 4106 955 4170 Η
979 4106 1028 4152 730
1048 4118 1098 4164 quo
