2744 4658
176 219 237 282 110
710 210 760 275 111

99 407 148 455 953
173 406 238 450 non
261 383 371 448 merito
393 381 545 447 inclamet
566 381 671 463 magis
694 389 725 446 et
746 402 828 448 voce
851 383 995 468 increpet
1017 383 1110 450 acri?

168 494 276 564 ‘aufer
298 497 415 563 abhinc
437 497 607 574 lacrimas,
624 497 767 581 haletre,
785 503 817 563 et
839 517 1006 583 compesce
1029 498 1211 583 querellas.

98 637 147 685 996
173 614 280 680 omnia
301 613 485 698 perfunctus
506 612 584 677 vitai
607 612 750 698 praemia
772 633 917 679 marces:

173 731 231 797 sed
254 729 331 811 quia
353 747 478 812 semper
499 747 576 792 aves
599 726 685 809 quod
707 722 816 806 ab‘est,
833 727 1015 812 praesentia
1036 728 1172 815 temnis,

173 845 350 930 inperfecta
372 843 429 909 tibi
452 844 597 928 elapsast
618 843 809 926 ingrataque
830 843 915 928 vita,

172 969 203 1027 et
224 980 283 1026 nec
306 959 448 1043 opinanti
470 979 555 1024 mors
578 958 621 1023 ad
644 964 739 1042 caput
760 957 880 1023 adstitit
902 964 975 1023 9969

97 1097 146 1145 966
173 1097 267 1159 quam
291 1080 378 1142 satur
399 1094 438 1140 96
460 1076 575 1159 919999
597 1074 702 1158 possis
725 1073 890 1139 discedere
912 1094 1038 1140 rerum.

171 1212 256 1257 nunc
277 1190 384 1256 aliena
405 1195 461 1254 tua
483 1196 590 1255 tamen
611 1195 718 1255 aetate
742 1190 850 1254 onmia
873 1189 982 1274 mitte,

170 1327 274 1389 aequo
296 1306 487 1387 animoque,
503 1325 565 1387 age
586 1305 683 1384 dum,
700 1305 806 1389 dignis
829 1305 971 1371 concede
985 1330 992 1369 :
1008 1312 1172 1372 necessest
1183 1301 1201 1371 ,²

172 1423 259 1506 iure,
275 1428 310 1485 ut
332 1421 465 1506 opinor,
481 1426 577 1505 egat,
593 1421 662 1486 iure
684 1421 825 1505 increpet
846 1420 1039 1503 inciletque:

65 1530 71 1543 “
171 1536 255 1602 cedit
276 1536 361 1601 enim
383 1555 486 1599 rerum
510 1534 649 1600 novitate
673 1543 801 1600 extrusa
822 1542 965 1602 uetustas

95 1673 144 1720 966
170 1669 314 1735 semper,
333 1655 364 1714 96
387 1670 427 1715 cx
450 1649 524 1714 aliis
547 1649 635 1714 aliud
656 1669 809 1734 reparare
832 1658 1014 1717 necessest.

169 1785 229 1832 ncc
252 1768 420 1848 quisquam
443 1765 475 1828 in
497 1763 681 1829 barathrum
704 1785 762 1830 nec
784 1768 918 1830 Tartara
940 1767 1071 1832 deditur
1091 1772 1184 1833 atra:

170 1881 318 1947 materies
341 1902 421 1966 opus
444 1886 511 1965 est,
529 1886 563 1945 ut
585 1887 729 1946 crescant
751 1888 881 1964 postera
903 1883 1031 1949 saecla:

170 2017 253 2081 quae
275 2004 380 2063 tamen
404 1996 510 2061 omnia
532 2001 563 2061 te
585 1996 651 2061 vita
672 1997 839 2081 perfuncta
862 2004 1056 2079 sequentur:

168 2133 227 2178 nec
250 2113 354 2178 minus
376 2132 452 2194 ergo
475 2117 549 2176 ante
571 2112 650 2175 haec
674 2132 770 2192 qnam
792 2119 826 2177 tu
848 2112 1014 2193 cecidere,
1031 2115 1236 2197 cadentque.

94 2248 144 2295 ero
169 2228 215 2293 sic
237 2228 304 2293 alid
328 2248 368 2293 ex
390 2227 454 2291 alio
477 2245 651 2307 numquam
674 2223 807 2290 desistet
829 2227 926 2304 oriri,

166 2343 297 2426 vitaque
318 2341 478 2425 mancipio
501 2340 580 2404 nulli
603 2338 717 2418 datur,
735 2341 881 2406 omnibus
902 2363 984 2406 usu.

169 2460 290 2542 respice
312 2457 390 2522 item
413 2477 506 2538 quam
531 2455 575 2519 nil
599 2454 640 2520 ad
662 2475 721 2520 nos
744 2462 911 2522 anteacta
931 2463 1075 2525 vetustas

169 2573 320 2657 temporis
342 2571 464 2638 aeterni
487 2570 602 2649 fuerit,
620 2591 716 2654 quam
739 2574 898 2636 nascimur
920 2580 1016 2639 ante.

168 2689 228 2752 hoc
250 2688 348 2770 igitur
371 2687 534 2771 speculum
555 2687 650 2753 nobis
673 2691 785 2751 natura
808 2687 904 2752 futuri

92 2825 142 2872 966
166 2801 318 2886 temporis
341 2803 470 2885 exponit
491 2809 565 2887 post
587 2808 720 2867 mortem
743 2801 880 2883 denique
903 2810 1064 2868 nostram.

168 2917 321 2999 numquid
343 2917 388 2981 ibi
410 2917 559 2981 horribile
582 2924 736 3002 apparet,
754 2939 830 2982 num
852 2921 940 2985 triste
962 2920 1087 2985 videtur

169 3034 359 3115 quicquam,
378 3051 439 3093 non
463 3031 548 3094 omni
571 3051 682 3097 sonmo
706 3034 849 3099 securius
873 3037 1007 3101 exstat?

209 3151 313 3228 Atque
336 3164 396 3222 ea,
412 3146 445 3209 ni
468 3145 601 3230 mirum,
619 3167 701 3228 quae
724 3170 859 3230 cumque
881 3150 1060 3216 Acherunte
1083 3151 1244 3236 profundo
1278 3200 1281 3204 -

167 3260 296 3347 prodita
318 3267 392 3324 sunt
413 3280 506 3338 esse,
522 3263 554 3325 in
575 3263 641 3326 vita
664 3269 736 3327 sunt
759 3264 866 3328 onmia
888 3266 1002 3332 nobis.

90 3400 140 3448 996
166 3397 224 3442 996
245 3376 342 3440 miser
362 3376 541 3460 inpendens
563 3397 715 3460 magnum
737 3379 826 3444 timet
848 3388 922 3444 ae're
946 3401 1057 3445 saxum

168 3492 342 3575 Tantalus,
359 3498 393 3555 ut
415 3492 552 3574 famast,
570 3512 664 3556 cassa
685 3494 853 3559 formidine
876 3501 1027 3579 torpens:

167 3607 224 3673 sed
246 3607 351 3690 magis
372 3607 406 3670 in
429 3608 495 3671 vita
516 3606 622 3671 divom
644 3615 747 3673 metus
769 3615 861 3690 urget
882 3610 987 3676 inanis
1069 3637 1071 3641 ·

162 3721 326 3801 mortalis,
343 3741 516 3804 casumque
540 3722 652 3787 timent
674 3742 771 3805 quem
793 3724 909 3806 cuique
932 3722 1017 3789 69996
1039 3724 1126 3789 6699.

164 3854 223 3900 nec
246 3822 362 3920 Tityon
385 3837 529 3902 volucres
550 3837 662 3925 ineunt
682 3837 865 3904 Acherunte
887 3839 1065 3919 iacentem,

168 4104 218 4153 954
238 4102 337 4154 baratro
358 4102 371 4172 Η
393 4106 442 4154 958
462 4103 603 4169 1999969669
624 4104 637 4175 Η
659 4107 709 4157 960
727 4106 824 4157 discere
844 4104 858 4175 Η
879 4108 928 4156 962
948 4106 1075 4168 agendum
1086 4106 1185 4170 mugnis
1206 4106 1218 4176 Η
1239 4109 1289 4156 964

169 4190 232 4245 Cedi
253 4189 268 4260 Η
289 4195 338 4242 966
358 4192 487 4240 baratrum
