2678 4658
105 247 143 309 14
560 213 592 264 ¹
658 245 672 306 1

100 411 267 475 omnibus:
290 413 376 476 haud
399 413 495 497 igitur
518 413 688 495 quicquam
709 407 884 495 procedere
907 422 1035 498 posset,

98 526 288 610 principium
313 529 463 608 quoniam
487 527 622 593 cedendi
645 529 734 592 nulla
756 529 847 593 daret
869 549 941 594 res.

25 664 77 710 545
100 648 132 705 at
154 662 237 707 nunc
257 661 315 724 per
337 643 438 708 maria
459 663 497 707 ac
518 650 620 707 terras
643 644 843 725 sublimaque
866 645 946 709 caeli

99 758 197 821 multa
218 758 323 823 modis
345 758 452 822 multis
474 758 564 823 varia
585 759 708 822 ratione
731 759 850 822 moveri
980 754 983 761 ’

98 871 255 936 cernimus
277 877 350 936 ante
374 873 504 951 oculos3
530 894 632 955 quac,
656 875 683 938 si
705 894 769 937 non
793 880 878 938 esset
900 874 1016 959 inane,

98 1007 162 1050 non
185 992 248 1050 tarn
272 987 409 1052 sollicito
432 994 518 1052 motu
541 989 665 1070 privata
688 995 832 1053 carerent

98 1122 192 1184 quam
216 1101 326 1182 genita
350 1103 477 1167 omnino
500 1105 589 1167 nulla
611 1104 734 1167 ratione
757 1103 912 1186 fuissent,

24 1238 74 1283 345
98 1215 239 1297 undique
264 1217 409 1281 materies
433 1219 583 1298 quoniam
607 1218 723 1301 stipata
743 1215 907 1299 quiesset.
959 1215 963 1225 '

96 1337 262 1413 praeterea
285 1332 429 1412 quamvis
452 1332 574 1397 solidae
596 1352 647 1396 res
671 1352 741 1397 esse
764 1339 932 1415 putentur,

96 1447 169 1510 hino
191 1453 298 1510 tamen
322 1465 393 1510 5555
416 1446 490 1511 licet
512 1467 584 1510 raro
609 1467 679 1511 oum
703 1467 836 1530 corpore
859 1468 994 1512 cernas.

95 1562 127 1624 in
150 1561 237 1625 saxis
260 1579 299 1623 ac
321 1561 482 1642 speluncis
504 1567 675 1644 permanat
696 1583 864 1642 aquarum·

96 1674 238 1758 liquidus
260 1695 352 1738 umor
374 1681 405 1739 et
427 1676 578 1740 uberibus
600 1676 677 1741 flent
699 1676 804 1740 omnia
825 1677 942 1757 guttis.

24 1813 75 1859 350
97 1790 231 1873 dissipat
253 1789 286 1853 in
309 1810 424 1874 corpus
447 1811 519 1856 5555
543 1792 633 1856 cibus
657 1811 750 1856 omne
772 1792 990 1856 animantum:

98 1911 244 1986 crescunt
265 1906 394 1970 arbusta
417 1912 448 1970 et
470 1906 554 1971 fetus
577 1907 610 1970 iu
632 1914 775 1990 ternpore
797 1905 952 1988 fundunt,

97 2020 182 2104 quod
205 2020 294 2084 cibus
316 2021 347 2084 in
371 2026 455 2086 totas
477 2042 580 2102 usque
602 2022 642 2084 ab
665 2019 826 2083 radicibus
849 2020 920 2082 imis

96 2156 153 2218 per
175 2143 303 2198 truncos
325 2155 362 2198 ac
386 2154 443 2216 per
464 2155 571 2198 ramos
594 2132 780 2196 diffunditur
802 2131 924 2194 omnis.

95 2251 176 2314 inter
198 2254 311 2332 saepta
333 2253 442 2312 meant
463 2268 558 2313 voces
581 2254 613 2313 et
635 2248 745 2312 clausa
768 2245 931 2309 domorum

23 2385 72 2431 355
96 2364 337 2438 transvolitant‚
357 2361 493 2442 rigidum
516 2367 682 2444 permanat
704 2361 803 2444 frigus
826 2361 868 2425 ad
891 2382 985 2426 ossa.

1 2556 5 2568 Ι
96 2477 181 2559 quod
204 2478 264 2542 nisi
287 2477 395 2540 inania
417 2477 497 2559 sint,
522 2498 585 2558 qua
608 2483 738 2560 possent
761 2496 897 2560 corpora
921 2493 1066 2558 uitaeque

38 2621 42 2629 ·
95 2593 229 2657 transire
253 2591 337 2655 baud
362 2592 431 2655 ulla
451 2589 519 2657 fieri
541 2593 663 2656 ratione
686 2591 833 2655 videres,

96 2706 233 2788 denique
255 2727 310 2771 cur
334 2707 416 2772 alias
439 2707 510 2772 aliis
532 2714 697 2789 praestare
720 2705 862 2768 videmus

95 2823 236 2904 pondere
259 2842 311 2887 res
333 2822 517 2887 rebuonuo
542 2821 659 2884 maiore
682 2819 804 2901 ligura?

24 2958 74 3002 aco
96 2957 170 2999 nam
194 2937 219 3000 si
242 2936 459 3001 tantundemst
480 2935 512 2997 in
534 2934 628 2998 lanae
653 2934 794 3014 glomere
818 2938 968 3012 quantum

97 3051 236 3133 corporis
258 3051 290 3113 in
313 3050 440 3133 plumbo
466 3055 534 3124 est,
557 3048 739 3112 tantundem
763 3045 902 3129 pendero
926 3067 985 3127 par
1008 3053 1075 3121 est.;

96 3166 237 3247 corporis
261 3164 431 3229 officiumst
453 3164 604 3245 quoniam
628 3180 773 3244 premere
796 3161 903 3223 omnia
927 3161 1097 3243 deorsum,

96 3285 205 3343 contra
218 3287 335 3344 autem
361 3286 475 3343 natura
497 3283 604 3342 manet
626 3277 696 3341 sine
719 3275 862 3363 pondero
884 3275 1008 3338 inanis.

96 3414 172 3476 ergo
196 3394 280 3475 quod
304 3400 485 3476 magnumst
508 3411 609 3472 aeque
634 3390 797 3471 leviusque
821 3389 963 3469 videtur,

23 3528 73 3573 555
96 3509 126 3570 ni
151 3509 283 3585 mirum,
307 3510 380 3592 plus
403 3527 474 3571 5555
497 3506 557 3569 sibi
581 3507 725 3570 declarat
747 3505 869 3567 inanis:

95 3628 261 3686 utcontra
285 3621 415 3703 gravius
439 3620 510 3703 plus
532 3621 564 3682 in
588 3640 622 3684 se
646 3619 786 3700 eorporis
809 3638 879 3681 5555

96 3736 222 3799 dedicat
245 3741 276 3798 ot
299 3735 395 3797 multo
418 3755 552 3799 vacuum
577 3734 680 3796 minus
703 3733 787 3795 intus
810 3731 948 3795 habere.

95 4005 142 4049 347
164 4002 251 4049 liceret
281 3997 293 4067 (1
324 4004 372 4048 349
392 4002 452 4047 ficut
481 3996 495 4067 Ι(
525 4003 574 4048 352
598 4000 735 4047 radieimus
764 3997 776 4064 Η
807 4001 856 4046 35ῖ
882 3999 933 4045 ulla
952 3976 1062 4048 valerent
1081 4002 1180 4050 ratione
1205 4002 1219 4067 Η

97 4094 145 4138 350
165 4092 217 4138 Aut
