2744 4658
725 212 754 276 V

175 403 267 449 arma
290 382 422 465 antiqua
443 404 557 448 manus
580 404 704 466 ungues
727 385 904 467 dentesque
927 384 1072 453 fuerunt.

176 505 209 564 et
231 497 357 583 lapides
381 505 413 562 et
434 499 511 563 item
533 499 683 564 silvarum
705 498 867 581 fragmina
889 502 989 578 rami,

85 634 159 682 1285
176 620 208 679 et
228 611 357 678 flamma
379 619 475 696 atque
498 614 610 696 ignes,
626 620 700 697 post
721 635 817 696 quam
839 623 912 680 sunt
934 618 1058 700 cognita
1079 619 1237 705 primum.

174 729 334 814 posterius
357 727 433 793 ferri
455 729 504 794 vis
527 736 575 794 est
597 730 743 811 aerisque
766 737 914 814 reperta.

174 852 208 911 et
229 844 316 928 prior
339 843 422 909 aeris
446 851 513 908 erat
535 865 629 926 quarn
653 844 727 910 ferri
752 846 898 927 cognitus
920 867 1017 933 usus,

175 980 238 1042 quo
261 958 368 1024 facilis
390 960 494 1041 magis
517 967 565 1025 est
586 967 702 1025 natura
725 969 756 1026 et
777 962 872 1046 copia
894 963 1016 1029 maior.

175 1094 254 1141 aere
277 1076 381 1140 solum
403 1082 508 1140 terrae
531 1078 732 1160 tractabant,
749 1096 888 1158 aereque
910 1078 987 1142 belli

86 1211 158 1258 1290
174 1190 352 1256 miscebant
372 1189 485 1255 fluctus
509 1197 539 1254 et
561 1191 694 1256 vulnera
716 1199 808 1257 vasta
831 1192 979 1257 serebant

172 1313 205 1371 et
225 1325 325 1391 pecus
348 1315 443 1388 atque
466 1326 563 1387 agros
587 1306 792 1372 adimebant:
809 1327 883 1371 narn
905 1305 999 1373 facile
1022 1309 1095 1375 ollis

173 1421 283 1487 omnia
306 1420 462 1486 cedebant
484 1422 615 1487 armatis
638 1422 726 1486 nuda
748 1429 780 1487 et
800 1423 942 1486 inerma.

171 1537 247 1601 inde
270 1536 448 1601 minutatim
471 1537 629 1621 processit
651 1536 774 1602 ferrens
797 1537 902 1612 ensis,

171 1670 330 1733 versaque
352 1652 383 1716 in
407 1652 611 1737 obprobrium
635 1653 758 1737 species
781 1659 829 1717 est
851 1653 944 1719 falcis
966 1655 1111 1738 ahenae,

90 1788 156 1836 raso
173 1773 205 1833 et
226 1765 311 1832 ferro
336 1787 470 1851 coepere
493 1769 595 1832 solum
619 1769 822 1850 proscindere
845 1774 948 1833 terrae

177 1889 417 1965 exaequataque
439 1889 513 1946 sunt
535 1884 656 1966 creperi
679 1883 855 1946 certamina
878 1882 973 1947 belli.

177 2002 208 2061 et
225 2000 313 2083 prius
336 2004 384 2062 est
405 2005 561 2062 armatum
583 1997 618 2060 in
640 1997 715 2079 equi
737 1998 952 2062 conscendere
975 2006 1080 2064 costas

171 2119 203 2178 et
224 2114 419 2179 moderarier
440 2114 524 2178 hunc
547 2112 645 2177 frenis
669 2110 844 2194 dextraque
866 2113 976 2194 vigere

169 2248 267 2311 quam
288 2229 399 2311 biiugo
423 2249 516 2294 curru
539 2228 616 2294 belli
640 2234 797 2312 temptare
819 2228 962 2314 pericla.

89 2365 153 2414 racc
172 2349 206 2411 et
228 2343 356 2424 biiugos
379 2343 466 2426 prius
489 2351 537 2408 est
560 2364 656 2426 quam
680 2345 729 2409 bis
752 2345 945 2429 coniungere
967 2346 1061 2411 binos

169 2467 202 2527 et
225 2479 320 2541 quam
344 2456 508 2523 falciferos
531 2464 686 2522 armatum
711 2458 885 2524 escendere
910 2481 1041 2526 currus.

169 2575 245 2640 inde
270 2575 369 2640 boves
390 2575 480 2638 lucas
504 2572 614 2638 turrito
639 2593 792 2657 corpore,
810 2579 930 2652 tetras,

172 2690 408 2774 anguimanus,
424 2688 499 2754 belli
524 2690 700 2755 docuerunt
721 2689 855 2754 volnera
878 2689 979 2754 Poeni

169 2809 304 2875 sufferre
329 2812 360 2872 et
382 2826 517 2887 magnas
539 2806 649 2870 Martis
671 2806 800 2870 turbare
824 2811 989 2869 catervas.

85 2946 154 2994 1305
171 2925 219 2990 sic
241 2922 310 2988 alid
332 2945 371 2990 ex
394 2924 456 2988 alio
479 2922 604 3007 peperit
627 2921 786 2987 discordia
808 2920 928 3004 tristis,

171 3039 323 3105 horribile
346 3039 494 3104 humanis
518 3036 604 3120 quod
626 3037 774 3118 gentibus
797 3044 883 3101 esset
904 3037 937 3101 in
960 3036 1077 3120 armis,

169 3156 267 3238 inque
290 3154 361 3221 dies
385 3155 461 3220 belli
483 3152 658 3218 terroribus
681 3150 807 3215 addidit
828 3171 990 3231 augmen.

209 3271 420 3355 Temptarunt
442 3269 538 3334 etiam
560 3275 668 3332 tauros
692 3267 725 3331 in
748 3286 898 3332 moenere
921 3267 1019 3348 belli,

171 3385 358 3473 expertique
381 3405 455 3451 sues
478 3404 594 3450 saevos
618 3389 691 3448 sunt
713 3382 836 3448 mittere
858 3381 891 3446 in
913 3383 1035 3450 hostis.

87 3521 154 3569 1³10
172 3507 204 3567 et
225 3501 354 3567 validos
376 3501 492 3585 partim
516 3519 594 3584 prae
618 3518 652 3563 se
676 3499 791 3563 misere
814 3499 925 3563 leones

170 3637 243 3683 cum
267 3616 452 3683 doctoribus
475 3614 606 3680 armatis
629 3613 799 3696 saevisque
822 3615 1004 3698 magistris,

172 3733 225 3816 qui
248 3731 446 3798 moderarier
468 3731 517 3795 bis
539 3735 670 3812 possent
691 3729 867 3812 vinclisque
891 3737 1022 3814 tenere,

170 3866 213 3913 ne
238 3847 410 3931 quiquam,
426 3846 580 3930 quoniam
601 3845 761 3930 permixta
783 3845 883 3910 caede
906 3845 1049 3910 calentes

172 4126 241 4175 1285
260 4124 347 4173 flamm
367 4121 381 4192 11
404 4126 470 4173 1288
488 4122 602 4174 maiore.
623 4119 637 4191 ΙΙ
659 4125 726 4174 1294
745 4124 852 4189 speciest
875 4119 888 4191 Η
908 4122 1031 4172 athenae.
1052 4117 1064 4189 11
1089 4122 1155 4170 1300
1174 4119 1262 4183 biiugo
1283 4117 1297 4188 Η

174 4214 242 4263 1302
263 4227 306 4262 cus
326 4210 339 4281 ΙΙ
360 4220 454 4263 tetros.
476 4211 488 4278 11
511 4215 576 4263 1307
596 4212 669 4262 bellis
