2744 4658
133 208 197 273 214
677 198 719 263 Vl

59 446 63 454 ⁴
134 379 302 458 praeterea
324 390 483 456 persaepe
506 371 598 453 niger
620 390 747 453 quoque
769 390 828 454 per
849 391 939 435 mare
963 370 1110 456 nimbus,

135 495 169 553 ut
189 487 271 572 picis
293 508 310 552 e
334 487 422 552 eaelo
447 485 617 553 demissum
641 485 780 568 flumen,
797 486 830 549 iu
853 485 958 550 undas

135 602 183 668 sie
206 602 292 667 cadit
314 601 441 666 effertus
464 600 605 666 tenebris
627 600 740 684 procul
763 606 795 665 et
817 600 913 664 trahit
935 607 1035 665 atram

135 716 321 782 fulminibus
343 715 506 797 gravidam
530 721 752 798 tempestatem
775 721 872 796 atque
896 715 1064 798 procellis,

60 856 111 903 aco
135 831 264 918 ignibus
288 850 328 894 ac
350 829 454 894 ventis
477 849 546 893 cum
572 829 681 912 primis
704 829 773 913 ipse
796 830 958 913 repletus,

134 950 168 1012 iu
191 954 277 1011 terra
300 964 425 1028 quoque
448 950 483 1008 ut
505 945 692 1010 horrescant
714 965 753 1009 ac
770 951 858 1015 ¹tacta
881 944 1065 1027 requirant.

137 1061 301 1143 sicigitur
324 1079 442 1144 supera
466 1066 608 1125 nostrum
631 1066 726 1144 eaput
750 1079 821 1125 esse
844 1059 1054 1145 putandumst

136 1182 360 1261 tempestatem
383 1176 499 1239 altam.
518 1195 622 1257 neque
646 1177 728 1240 enim
753 1174 891 1257 caligine
913 1181 1002 1238 tanta

138 1283 309 1358 obruerint
331 1297 455 1366 terras,
473 1291 533 1354 nisi
557 1291 763 1355 inaedificata
787 1310 926 1376 superne

63 1430 112 1477 265
138 1408 237 1471 multa
259 1406 364 1472 forent
389 1406 497 1469 multis
519 1412 665 1488 exempto
690 1407 800 1471 nubila
822 1407 913 1471 sole:

138 1542 197 1588 nee
219 1528 309 1586 tanto
334 1526 464 1604 possent
487 1521 652 1585 venientes
676 1522 854 1604 opprimere
878 1521 990 1603 imbri,

137 1637 268 1702 flumina
290 1635 457 1699 abundare
481 1642 515 1697 ut
536 1633 682 1700 lacerent
705 1656 899 1720 camposque
924 1641 1059 1719 natare,

139 1751 165 1816 si
188 1771 253 1816 nou
276 1751 427 1816 extructis
450 1749 533 1814 foret
555 1750 619 1814 alte
642 1750 780 1815 nubibus
805 1750 935 1814 aether.

137 1865 188 1931 bie
210 1866 305 1946 igitur
328 1866 430 1929 ventis
454 1874 551 1947 atque
574 1866 702 1946 ignibus
726 1866 833 1929 omnia
856 1866 953 1948 plena

62 2003 113 2048 aro
139 1989 231 2045 sunt:
248 1980 322 2045 ideo
345 1981 466 2064 passim
488 1981 631 2046 fremitus
655 1988 686 2045 et
708 1980 836 2064 fulgura
857 1980 958 2044 fiunt.

139 2097 257 2179 quippe
281 2096 397 2160 etenim
421 2116 519 2180 supra
543 2096 638 2160 docui
660 2097 816 2178 permulta
839 2098 967 2179 vaporis

139 2211 263 2275 semina
285 2210 406 2274 habere
428 2230 529 2281 cavas
550 2212 672 2287 nubes,
689 2219 720 2272 et
741 2211 842 2275 multa
864 2220 1027 2276 necessest

140 2325 307 2408 concipere
330 2345 371 2401 ex
393 2326 471 2391 solis
496 2324 594 2389 radiis
618 2325 797 2406 ardoreque
822 2345 952 2390 eorum.

140 2441 199 2503 boc
221 2441 275 2504 ubi
297 2446 411 2505 ventus
434 2459 489 2506 eas
512 2440 598 2504 idern
621 2443 675 2522 qui
699 2443 784 2526 cogit
805 2442 838 2504 in
862 2463 957 2506 unum

63 2575 113 2623 275
139 2555 221 2618 forte
244 2555 349 2619 locum
373 2557 538 2637 quemvis,
556 2557 714 2639 expressit
738 2559 836 2623 inulta
858 2558 989 2642 vaporis

139 2672 263 2734 semina
286 2689 383 2752 seque
407 2672 500 2736 simul
524 2693 596 2741 curu
619 2693 658 2741 eo
682 2675 880 2738 commiscuit
901 2674 989 2755 igni,

138 2785 316 2850 insinuatus
339 2787 382 2849 ibi
407 2794 517 2851 vortex
540 2796 685 2853 versatur
707 2791 739 2852 in
763 2795 832 2853 arto

138 2907 170 2967 et
192 2902 305 2966 calidis
328 2903 413 2966 acuit
435 2902 555 2966 fulmen
576 2904 759 2968 fornacibus
782 2904 887 2967 intus:

139 3037 213 3080 nam
236 3017 356 3099 duplici
380 3017 506 3081 ratione
529 3017 731 3095 accenditur,
748 3018 818 3102 ipse
842 3040 902 3083 sua
925 3040 994 3083 cum

64 3152 115 3198 222
140 3131 317 3195 mobilitate
341 3133 489 3216 calescit,
507 3140 537 3196 et
560 3153 577 3197 e
600 3133 791 3216 contagibus
814 3125 929 3216 ignis.¹

138 3245 214 3309 inde
237 3247 290 3309 ubi
314 3248 469 3330 percaluit
492 3249 646 3332 gravida,
663 3253 719 3311 aut
740 3249 789 3312 vis
812 3248 895 3330 ignis
918 3253 949 3312 et
972 3267 1047 3312 acer

138 3360 277 3445 impetus
299 3362 449 3446 incessit,
467 3370 625 3427 maturum
649 3370 713 3426 tum
739 3365 832 3444 quasi
855 3363 974 3427 fulmen

139 3475 315 3559 perscindit
337 3479 440 3543 subito
464 3479 602 3561 nubem,
619 3478 785 3560 ferturque
808 3478 947 3543 coruscis

140 3590 249 3655 omnia
272 3592 444 3658 luminibus
467 3595 605 3659 lustrans
627 3595 701 3658 loca
723 3594 861 3679 percitus
884 3594 1001 3657 ardor.

68 3723 118 3772 aas
144 3724 239 3788 quem
261 3708 367 3790 gravis
388 3707 570 3790 insequitur
592 3710 732 3786 sonitus,
750 3710 893 3794 displosa
913 3714 1044 3792 repente

143 4010 192 4057 257
213 4010 345 4061 dimissum
363 4013 459 4062 fulmen
479 4009 492 4078 Η
514 4015 565 4062 258
584 4022 609 4062 et
627 4013 704 4062 t'ertns
725 4012 736 4078 Η
759 4016 808 4062 269
828 4014 920 4077 plana.
942 4010 955 4080 Η
976 4017 1025 4062 212
1045 4014 1169 4067 haecdere
1190 4016 1203 4084 Η
1224 4035 1268 4069 ne-

141 4106 235 4153 casset.
257 4095 269 4164 Η
291 4102 340 4148 277
360 4102 430 4150 alto.
451 4098 465 4166 Η
485 4102 533 4151 281
555 4101 639 4164 gravis
657 4102 780 4163 sentiris
799 4102 870 4167 igni.
892 4099 904 4168 Η
926 4109 951 4152 et
968 4117 1026 4152 acer
1045 4104 1158 4155 omissa.
1180 4103 1194 4175 Η
1215 4109 1265 4157 2811

141 4185 254 4256 repenati
266 4224 270 4234 .
