<?xml version="1.0" encoding="UTF-8"?>
<!DOCTYPE html PUBLIC "-//W3C//DTD XHTML 1.0 Transitional//EN"
    "http://www.w3.org/TR/xhtml1/DTD/xhtml1-transitional.dtd">
<html xmlns="http://www.w3.org/1999/xhtml" xml:lang="en" lang="en">
 <head>
  <title>
</title>
<meta http-equiv="Content-Type" content="text/html;charset=utf-8" />
  <meta name='ocr-system' content='tesseract 3.04.00' />
  <meta name='ocr-capabilities' content='ocr_page ocr_carea ocr_par ocr_line ocrx_word'/>
</head>
<body>
  <div class='ocr_page' id='page_1' title='image "./tlucreticarider15carugoog_0031.png"; bbox 0 0 2744 4658; ppageno 0'>
   <div class='ocr_carea' id='block_1_1' title="bbox 111 422 1184 3962">
    <p class='ocr_par' dir='ltr' id='par_1_1' title="bbox 111 422 1064 967">
     <span class='ocr_line' id='line_1_1' title="bbox 111 422 976 504; baseline -0.012 -9"><span class='ocrx_word' id='word_1_1' title='bbox 111 450 160 495; x_wconf 77' lang='lat' dir='ltr'>tro</span> <span class='ocrx_word' id='word_1_2' title='bbox 185 427 294 492; x_wconf 90' lang='lat' dir='ltr'>ornnia</span> <span class='ocrx_word' id='word_1_3' title='bbox 316 427 401 491; x_wconf 92' lang='lat' dir='ltr'>etin</span> <span class='ocrx_word' id='word_1_4' title='bbox 424 445 529 490; x_wconf 88' lang='lat' dir='ltr'>rerum</span> <span class='ocrx_word' id='word_1_5' title='bbox 553 429 686 488; x_wconf 88' lang='lat' dir='ltr'>naturas</span> <span class='ocrx_word' id='word_1_6' title='bbox 710 422 826 487; x_wconf 82' lang='lat' dir='ltr'>vertier</span> <span class='ocrx_word' id='word_1_7' title='bbox 851 422 976 504; x_wconf 82' lang='lat' dir='ltr'>omnia,</span> 
     </span>
     <span class='ocr_line' id='line_1_2' title="bbox 185 535 1046 624; baseline -0.012 -18"><span class='ocrx_word' id='word_1_8' title='bbox 185 561 304 623; x_wconf 89' lang='lat' dir='ltr'>magno</span> <span class='ocrx_word' id='word_1_9' title='bbox 328 557 426 624; x_wconf 91' lang='lat' dir='ltr'>opere</span> <span class='ocrx_word' id='word_1_10' title='bbox 449 559 470 604; x_wconf 88' lang='lat' dir='ltr'>a</span> <span class='ocrx_word' id='word_1_11' title='bbox 491 559 566 604; x_wconf 89' lang='lat' dir='ltr'>vero</span> <span class='ocrx_word' id='word_1_12' title='bbox 588 539 684 621; x_wconf 90' lang='lat' dir='ltr'>longe</span> <span class='ocrx_word' id='word_1_13' title='bbox 707 536 858 601; x_wconf 91' lang='lat' dir='ltr'>derrasse</span> <span class='ocrx_word' id='word_1_14' title='bbox 879 535 1046 600; x_wconf 87' lang='lat' dir='ltr'>videntur.</span> 
     </span>
     <span class='ocr_line' id='line_1_3' title="bbox 186 651 1064 738; baseline -0.009 -17"><span class='ocrx_word' id='word_1_15' title='bbox 186 655 272 722; x_wconf 91' lang='lat' dir='ltr'>adde</span> <span class='ocrx_word' id='word_1_16' title='bbox 296 656 392 721; x_wconf 87' lang='lat' dir='ltr'>etiarn</span> <span class='ocrx_word' id='word_1_17' title='bbox 416 655 470 736; x_wconf 90' lang='lat' dir='ltr'>qui</span> <span class='ocrx_word' id='word_1_18' title='bbox 493 653 720 738; x_wconf 77' lang='lat' dir='ltr'>conduplicant</span> <span class='ocrx_word' id='word_1_19' title='bbox 741 651 917 735; x_wconf 89' lang='lat' dir='ltr'>primordia</span> <span class='ocrx_word' id='word_1_20' title='bbox 939 670 1064 735; x_wconf 84' lang='lat' dir='ltr'>rerum,</span> 
     </span>
     <span class='ocr_line' id='line_1_4' title="bbox 188 765 932 853; baseline -0.011 -17"><span class='ocrx_word' id='word_1_21' title='bbox 188 778 266 836; x_wconf 79' lang='lat' dir='ltr'>ae&#39;ra</span> <span class='ocrx_word' id='word_1_22' title='bbox 288 770 458 852; x_wconf 86' lang='lat' dir='ltr'>iungentes</span> <span class='ocrx_word' id='word_1_23' title='bbox 481 769 567 853; x_wconf 83' lang='lat' dir='ltr'>igni,</span> <span class='ocrx_word' id='word_1_24' title='bbox 589 774 773 848; x_wconf 90' lang='lat' dir='ltr'>terramque</span> <span class='ocrx_word' id='word_1_25' title='bbox 795 765 932 849; x_wconf 85' lang='lat' dir='ltr'>liquori,</span> 
     </span>
     <span class='ocr_line' id='line_1_5' title="bbox 188 881 1028 967; baseline -0.011 -15"><span class='ocrx_word' id='word_1_26' title='bbox 188 892 220 952; x_wconf 90' lang='lat' dir='ltr'>et</span> <span class='ocrx_word' id='word_1_27' title='bbox 243 886 297 967; x_wconf 87' lang='lat' dir='ltr'>qui</span> <span class='ocrx_word' id='word_1_28' title='bbox 320 891 469 967; x_wconf 86' lang='lat' dir='ltr'>quattuor</span> <span class='ocrx_word' id='word_1_29' title='bbox 491 905 530 948; x_wconf 80' lang='lat' dir='ltr'>ex</span> <span class='ocrx_word' id='word_1_30' title='bbox 552 883 648 948; x_wconf 87' lang='lat' dir='ltr'>rebus</span> <span class='ocrx_word' id='word_1_31' title='bbox 670 901 766 965; x_wconf 86' lang='lat' dir='ltr'>posse</span> <span class='ocrx_word' id='word_1_32' title='bbox 790 881 899 945; x_wconf 90' lang='lat' dir='ltr'>omnia</span> <span class='ocrx_word' id='word_1_33' title='bbox 919 887 1028 945; x_wconf 91' lang='lat' dir='ltr'>rentur</span> 
     </span>
    </p>

    <p class='ocr_par' dir='ltr' id='par_1_2' title="bbox 113 995 1137 1542">
     <span class='ocr_line' id='line_1_6' title="bbox 113 995 1094 1085; baseline -0.008 -17"><span class='ocrx_word' id='word_1_34' title='bbox 113 1023 162 1069; x_wconf 80' lang='lat'>715</span> <span class='ocrx_word' id='word_1_35' title='bbox 190 1021 230 1066; x_wconf 88' lang='lat' dir='ltr'>ex</span> <span class='ocrx_word' id='word_1_36' title='bbox 252 1000 318 1085; x_wconf 85' lang='lat' dir='ltr'>igni</span> <span class='ocrx_word' id='word_1_37' title='bbox 340 1006 426 1064; x_wconf 88' lang='lat' dir='ltr'>terra</span> <span class='ocrx_word' id='word_1_38' title='bbox 449 1005 545 1082; x_wconf 88' lang='lat' dir='ltr'>atque</span> <span class='ocrx_word' id='word_1_39' title='bbox 569 998 679 1063; x_wconf 89' lang='lat' dir='ltr'>aninra</span> <span class='ocrx_word' id='word_1_40' title='bbox 700 1015 904 1080; x_wconf 77' lang='lat' dir='ltr'><strong>procrescere</strong></span> <span class='ocrx_word' id='word_1_41' title='bbox 926 1002 959 1060; x_wconf 92' lang='lat' dir='ltr'>et</span> <span class='ocrx_word' id='word_1_42' title='bbox 980 995 1094 1060; x_wconf 87' lang='lat' dir='ltr'>imbri.</span> 
     </span>
     <span class='ocr_line' id='line_1_7' title="bbox 188 1111 1137 1197; baseline -0.001 -19"><span class='ocrx_word' id='word_1_43' title='bbox 188 1136 322 1197; x_wconf 87' lang='lat' dir='ltr'>quorum</span> <span class='ocrx_word' id='word_1_44' title='bbox 345 1115 582 1196; x_wconf 78' lang='lat' dir='ltr'>Acragantinus</span> <span class='ocrx_word' id='word_1_45' title='bbox 604 1133 676 1178; x_wconf 93' lang='lat' dir='ltr'>cum</span> <span class='ocrx_word' id='word_1_46' title='bbox 698 1111 810 1197; x_wconf 87' lang='lat' dir='ltr'>primis</span> <span class='ocrx_word' id='word_1_47' title='bbox 832 1111 1047 1195; x_wconf 82' lang='lat' dir='ltr'>Empedocles</span> <span class='ocrx_word' id='word_1_48' title='bbox 1069 1118 1137 1194; x_wconf 86' lang='lat' dir='ltr'>est,</span> 
     </span>
     <span class='ocr_line' id='line_1_8' title="bbox 188 1226 1059 1312; baseline 0 -20"><span class='ocrx_word' id='word_1_49' title='bbox 188 1229 294 1294; x_wconf 89' lang='lat' dir='ltr'>insula</span> <span class='ocrx_word' id='word_1_50' title='bbox 317 1249 411 1312; x_wconf 91' lang='lat' dir='ltr'>quern</span> <span class='ocrx_word' id='word_1_51' title='bbox 433 1228 594 1311; x_wconf 84' lang='lat' dir='ltr'>triquetris</span> <span class='ocrx_word' id='word_1_52' title='bbox 615 1234 772 1292; x_wconf 87' lang='lat' dir='ltr'>terrarum</span> <span class='ocrx_word' id='word_1_53' title='bbox 795 1226 896 1308; x_wconf 82' lang='lat' dir='ltr'>gessit</span> <span class='ocrx_word' id='word_1_54' title='bbox 918 1226 949 1289; x_wconf 95' lang='lat' dir='ltr'>in</span> <span class='ocrx_word' id='word_1_55' title='bbox 973 1226 1059 1310; x_wconf 86' lang='lat' dir='ltr'>oris,</span> 
     </span>
     <span class='ocr_line' id='line_1_9' title="bbox 188 1340 1095 1425; baseline -0.003 -18"><span class='ocrx_word' id='word_1_56' title='bbox 188 1364 285 1425; x_wconf 88' lang='lat' dir='ltr'>quarn</span> <span class='ocrx_word' id='word_1_57' title='bbox 306 1343 435 1407; x_wconf 87' lang='lat' dir='ltr'>fluitans</span> <span class='ocrx_word' id='word_1_58' title='bbox 458 1343 577 1409; x_wconf 89' lang='lat' dir='ltr'>circum</span> <span class='ocrx_word' id='word_1_59' title='bbox 599 1343 727 1424; x_wconf 87' lang='lat' dir='ltr'>magnis</span> <span class='ocrx_word' id='word_1_60' title='bbox 751 1340 950 1407; x_wconf 86' lang='lat' dir='ltr'>anfractibus</span> <span class='ocrx_word' id='word_1_61' title='bbox 973 1361 1095 1423; x_wconf 90' lang='lat' dir='ltr'>aequor</span> 
     </span>
     <span class='ocr_line' id='line_1_10' title="bbox 187 1451 1095 1542; baseline -0.001 -20"><span class='ocrx_word' id='word_1_62' title='bbox 187 1459 311 1523; x_wconf 90' lang='lat' dir='ltr'>Ionium</span> <span class='ocrx_word' id='word_1_63' title='bbox 335 1459 460 1539; x_wconf 89' lang='lat' dir='ltr'>glaucis</span> <span class='ocrx_word' id='word_1_64' title='bbox 484 1459 629 1542; x_wconf 87' lang='lat' dir='ltr'>aspargit</span> <span class='ocrx_word' id='word_1_65' title='bbox 650 1459 737 1523; x_wconf 88' lang='lat' dir='ltr'>virus</span> <span class='ocrx_word' id='word_1_66' title='bbox 761 1459 803 1523; x_wconf 92' lang='lat' dir='ltr'>ab</span> <span class='ocrx_word' id='word_1_67' title='bbox 825 1456 940 1533; x_wconf 88' lang='lat' dir='ltr'>undis,</span> <span class='ocrx_word' id='word_1_68' title='bbox 1090 1451 1095 1464; x_wconf 87' lang='lat'>&#39;</span> 
     </span>
    </p>

    <p class='ocr_par' dir='ltr' id='par_1_3' title="bbox 115 1572 1132 2120">
     <span class='ocr_line' id='line_1_11' title="bbox 115 1572 1060 1658; baseline -0.002 -19"><span class='ocrx_word' id='word_1_69' title='bbox 115 1595 164 1641; x_wconf 78' lang='lat' dir='ltr'>rao</span> <span class='ocrx_word' id='word_1_70' title='bbox 190 1580 392 1658; x_wconf 89' lang='lat' dir='ltr'>angustoque</span> <span class='ocrx_word' id='word_1_71' title='bbox 414 1573 497 1637; x_wconf 86' lang='lat' dir='ltr'>fretu</span> <span class='ocrx_word' id='word_1_72' title='bbox 520 1573 668 1657; x_wconf 85' lang='lat' dir='ltr'>rapidum</span> <span class='ocrx_word' id='word_1_73' title='bbox 689 1593 779 1638; x_wconf 90' lang='lat' dir='ltr'>mare</span> <span class='ocrx_word' id='word_1_74' title='bbox 801 1572 913 1637; x_wconf 84' lang='lat' dir='ltr'>dividit</span> <span class='ocrx_word' id='word_1_75' title='bbox 932 1572 1060 1637; x_wconf 87' lang='lat' dir='ltr'>undans</span> 
     </span>
     <span class='ocr_line' id='line_1_12' title="bbox 188 1684 877 1754; baseline 0 -4"><span class='ocrx_word' id='word_1_76' title='bbox 188 1684 304 1754; x_wconf 65' lang='lat' dir='ltr'>Italrbe</span> <span class='ocrx_word' id='word_1_77' title='bbox 326 1694 483 1753; x_wconf 88' lang='lat' dir='ltr'>terrarum</span> <span class='ocrx_word' id='word_1_78' title='bbox 506 1709 581 1753; x_wconf 89' lang='lat' dir='ltr'>oras</span> <span class='ocrx_word' id='word_1_79' title='bbox 604 1709 625 1753; x_wconf 89' lang='lat' dir='ltr'>a</span> <span class='ocrx_word' id='word_1_80' title='bbox 646 1688 761 1752; x_wconf 88' lang='lat' dir='ltr'>finibus</span> <span class='ocrx_word' id='word_1_81' title='bbox 788 1688 877 1754; x_wconf 89' lang='lat' dir='ltr'>eius.</span> 
     </span>
     <span class='ocr_line' id='line_1_13' title="bbox 188 1780 1132 1890; baseline 0 -24"><span class='ocrx_word' id='word_1_82' title='bbox 188 1801 239 1867; x_wconf 92' lang='lat' dir='ltr'>hic</span> <span class='ocrx_word' id='word_1_83' title='bbox 262 1810 310 1868; x_wconf 88' lang='lat' dir='ltr'>est</span> <span class='ocrx_word' id='word_1_84' title='bbox 332 1809 426 1868; x_wconf 89' lang='lat' dir='ltr'>vasta</span> <span class='ocrx_word' id='word_1_85' title='bbox 448 1780 649 1890; x_wconf 77' lang='lat' dir='ltr'>Charybdis,</span> <span class='ocrx_word' id='word_1_86' title='bbox 674 1810 705 1868; x_wconf 90' lang='lat' dir='ltr'>et</span> <span class='ocrx_word' id='word_1_87' title='bbox 727 1803 778 1868; x_wconf 92' lang='lat' dir='ltr'>bic</span> <span class='ocrx_word' id='word_1_88' title='bbox 801 1805 949 1868; x_wconf 88' lang='lat' dir='ltr'>Aetnaea</span> <span class='ocrx_word' id='word_1_89' title='bbox 971 1801 1132 1866; x_wconf 89' lang='lat' dir='ltr'>minantur</span> 
     </span>
     <span class='ocr_line' id='line_1_14' title="bbox 188 1917 1061 2002; baseline 0 -21"><span class='ocrx_word' id='word_1_90' title='bbox 188 1939 352 1984; x_wconf 87' lang='lat' dir='ltr'>murmura</span> <span class='ocrx_word' id='word_1_91' title='bbox 373 1919 574 1984; x_wconf 88' lang='lat' dir='ltr'>flammarum</span> <span class='ocrx_word' id='word_1_92' title='bbox 595 1939 720 1984; x_wconf 88' lang='lat' dir='ltr'>rursum</span> <span class='ocrx_word' id='word_1_93' title='bbox 742 1938 777 1983; x_wconf 88' lang='lat' dir='ltr'>se</span> <span class='ocrx_word' id='word_1_94' title='bbox 801 1917 951 2002; x_wconf 87' lang='lat' dir='ltr'>colligere</span> <span class='ocrx_word' id='word_1_95' title='bbox 974 1917 1061 1993; x_wconf 82' lang='lat' dir='ltr'>iras,</span> 
     </span>
     <span class='ocr_line' id='line_1_15' title="bbox 190 2031 989 2120; baseline 0.001 -25"><span class='ocrx_word' id='word_1_96' title='bbox 190 2031 336 2100; x_wconf 85' lang='lat' dir='ltr'>faucibus</span> <span class='ocrx_word' id='word_1_97' title='bbox 359 2041 488 2120; x_wconf 87' lang='lat' dir='ltr'>eruptos</span> <span class='ocrx_word' id='word_1_98' title='bbox 510 2035 625 2100; x_wconf 89' lang='lat' dir='ltr'>iterum</span> <span class='ocrx_word' id='word_1_99' title='bbox 646 2034 696 2100; x_wconf 83' lang='lat' dir='ltr'>vis</span> <span class='ocrx_word' id='word_1_100' title='bbox 719 2041 753 2097; x_wconf 91' lang='lat' dir='ltr'>ut</span> <span class='ocrx_word' id='word_1_101' title='bbox 773 2039 883 2098; x_wconf 86' lang='lat' dir='ltr'>vomat</span> <span class='ocrx_word' id='word_1_102' title='bbox 904 2032 989 2116; x_wconf 89' lang='lat' dir='ltr'>ignis</span> 
     </span>
    </p>

    <p class='ocr_par' dir='ltr' id='par_1_4' title="bbox 116 2147 1084 2692">
     <span class='ocr_line' id='line_1_16' title="bbox 116 2147 1033 2232; baseline 0.002 -19"><span class='ocrx_word' id='word_1_103' title='bbox 116 2167 164 2213; x_wconf 78' lang='grc'>111</span> <span class='ocrx_word' id='word_1_104' title='bbox 190 2147 233 2212; x_wconf 92' lang='lat' dir='ltr'>ad</span> <span class='ocrx_word' id='word_1_105' title='bbox 257 2151 446 2232; x_wconf 88' lang='lat' dir='ltr'>caelumque</span> <span class='ocrx_word' id='word_1_106' title='bbox 468 2149 553 2215; x_wconf 84' lang='lat' dir='ltr'>ferat</span> <span class='ocrx_word' id='word_1_107' title='bbox 573 2149 715 2213; x_wconf 86' lang='lat' dir='ltr'>flammai</span> <span class='ocrx_word' id='word_1_108' title='bbox 737 2149 868 2230; x_wconf 86' lang='lat' dir='ltr'>fulgura</span> <span class='ocrx_word' id='word_1_109' title='bbox 888 2169 1033 2215; x_wconf 87' lang='lat' dir='ltr'>rursunr.</span> 
     </span>
     <span class='ocr_line' id='line_1_17' title="bbox 191 2262 1084 2349; baseline -0.001 -23"><span class='ocrx_word' id='word_1_110' title='bbox 191 2282 274 2343; x_wconf 88' lang='lat' dir='ltr'>quae</span> <span class='ocrx_word' id='word_1_111' title='bbox 298 2283 368 2327; x_wconf 87' lang='lat' dir='ltr'>curn</span> <span class='ocrx_word' id='word_1_112' title='bbox 390 2285 510 2349; x_wconf 90' lang='lat' dir='ltr'>rnagna</span> <span class='ocrx_word' id='word_1_113' title='bbox 531 2265 636 2329; x_wconf 91' lang='lat' dir='ltr'>modis</span> <span class='ocrx_word' id='word_1_114' title='bbox 658 2264 766 2329; x_wconf 89' lang='lat' dir='ltr'>multis</span> <span class='ocrx_word' id='word_1_115' title='bbox 788 2262 939 2329; x_wconf 86' lang='lat' dir='ltr'>miranda</span> <span class='ocrx_word' id='word_1_116' title='bbox 960 2263 1084 2328; x_wconf 88' lang='lat' dir='ltr'>videtur</span> 
     </span>
     <span class='ocr_line' id='line_1_18' title="bbox 191 2378 988 2460; baseline -0.001 -18"><span class='ocrx_word' id='word_1_117' title='bbox 191 2379 339 2460; x_wconf 89' lang='lat' dir='ltr'>gentibus</span> <span class='ocrx_word' id='word_1_118' title='bbox 360 2379 510 2443; x_wconf 85' lang='lat' dir='ltr'>humanis</span> <span class='ocrx_word' id='word_1_119' title='bbox 532 2378 620 2460; x_wconf 89' lang='lat' dir='ltr'>regio</span> <span class='ocrx_word' id='word_1_120' title='bbox 644 2378 844 2460; x_wconf 85' lang='lat' dir='ltr'>visendaque</span> <span class='ocrx_word' id='word_1_121' title='bbox 866 2378 988 2455; x_wconf 85' lang='lat' dir='ltr'>fertur,</span> 
     </span>
     <span class='ocr_line' id='line_1_19' title="bbox 191 2493 1019 2578; baseline 0.006 -24"><span class='ocrx_word' id='word_1_122' title='bbox 191 2493 285 2558; x_wconf 89' lang='lat' dir='ltr'>rebus</span> <span class='ocrx_word' id='word_1_123' title='bbox 309 2495 418 2578; x_wconf 89' lang='lat' dir='ltr'>opima</span> <span class='ocrx_word' id='word_1_124' title='bbox 440 2495 553 2578; x_wconf 83' lang='lat' dir='ltr'>bonis,</span> <span class='ocrx_word' id='word_1_125' title='bbox 576 2495 678 2558; x_wconf 83' lang='lat' dir='ltr'>multa</span> <span class='ocrx_word' id='word_1_126' title='bbox 699 2494 823 2558; x_wconf 81' lang='lat' dir='ltr'>inunita</span> <span class='ocrx_word' id='word_1_127' title='bbox 843 2497 946 2558; x_wconf 87' lang='lat' dir='ltr'>virunr</span> <span class='ocrx_word' id='word_1_128' title='bbox 968 2493 1019 2578; x_wconf 88' lang='lat' dir='ltr'>ri,</span> 
     </span>
     <span class='ocr_line' id='line_1_20' title="bbox 192 2608 1046 2692; baseline 0.002 -20"><span class='ocrx_word' id='word_1_129' title='bbox 192 2608 238 2672; x_wconf 92' lang='lat' dir='ltr'>nil</span> <span class='ocrx_word' id='word_1_130' title='bbox 260 2615 366 2674; x_wconf 84' lang='lat' dir='ltr'>lamen</span> <span class='ocrx_word' id='word_1_131' title='bbox 390 2610 450 2674; x_wconf 93' lang='lat' dir='ltr'>boc</span> <span class='ocrx_word' id='word_1_132' title='bbox 472 2609 623 2675; x_wconf 88' lang='lat' dir='ltr'>habuisse</span> <span class='ocrx_word' id='word_1_133' title='bbox 645 2609 713 2675; x_wconf 87' lang='lat' dir='ltr'>viro</span> <span class='ocrx_word' id='word_1_134' title='bbox 736 2608 934 2692; x_wconf 89' lang='lat' dir='ltr'>praeclarius</span> <span class='ocrx_word' id='word_1_135' title='bbox 956 2609 989 2672; x_wconf 94' lang='lat' dir='ltr'>in</span> <span class='ocrx_word' id='word_1_136' title='bbox 1011 2629 1046 2674; x_wconf 90' lang='lat' dir='ltr'>se</span> 
     </span>
    </p>

    <p class='ocr_par' dir='ltr' id='par_1_5' title="bbox 118 2723 1184 3154">
     <span class='ocr_line' id='line_1_21' title="bbox 118 2723 1184 2807; baseline -0.004 -17"><span class='ocrx_word' id='word_1_137' title='bbox 118 2746 167 2792; x_wconf 81' lang='lat'>730</span> <span class='ocrx_word' id='word_1_138' title='bbox 192 2745 251 2790; x_wconf 86' lang='lat' dir='ltr'>nec</span> <span class='ocrx_word' id='word_1_139' title='bbox 273 2734 418 2790; x_wconf 87' lang='lat' dir='ltr'>sanctum</span> <span class='ocrx_word' id='word_1_140' title='bbox 440 2725 545 2807; x_wconf 90' lang='lat' dir='ltr'>magis</span> <span class='ocrx_word' id='word_1_141' title='bbox 568 2731 599 2790; x_wconf 87' lang='lat' dir='ltr'>et</span> <span class='ocrx_word' id='word_1_142' title='bbox 620 2725 736 2788; x_wconf 88' lang='lat' dir='ltr'>mirum</span> <span class='ocrx_word' id='word_1_143' title='bbox 759 2743 931 2805; x_wconf 85' lang='lat' dir='ltr'>carumque</span> <span class='ocrx_word' id='word_1_144' title='bbox 953 2723 1097 2790; x_wconf 88' lang='lat' dir='ltr'>ridetur.</span> <span class='ocrx_word' id='word_1_145' title='bbox 1180 2748 1184 2757; x_wconf 94' lang='lat'>·</span> 
     </span>
     <span class='ocr_line' id='line_1_22' title="bbox 191 2822 933 2923; baseline -0.001 -18"><span class='ocrx_word' id='word_1_146' title='bbox 191 2840 335 2905; x_wconf 91' lang='lat' dir='ltr'>carmina</span> <span class='ocrx_word' id='word_1_147' title='bbox 358 2822 436 2921; x_wconf 86' lang='lat' dir='ltr'>quin</span> <span class='ocrx_word' id='word_1_148' title='bbox 459 2841 556 2906; x_wconf 92' lang='lat' dir='ltr'>etiarn</span> <span class='ocrx_word' id='word_1_149' title='bbox 579 2839 677 2903; x_wconf 90' lang='lat' dir='ltr'>divini</span> <span class='ocrx_word' id='word_1_150' title='bbox 700 2839 838 2923; x_wconf 89' lang='lat' dir='ltr'>pectoris</span> <span class='ocrx_word' id='word_1_151' title='bbox 864 2839 933 2905; x_wconf 88' lang='lat' dir='ltr'>eius</span> 
     </span>
     <span class='ocr_line' id='line_1_23' title="bbox 192 2935 1010 3039; baseline -0.001 -19"><span class='ocrx_word' id='word_1_152' title='bbox 192 2954 407 3021; x_wconf 86' lang='lat' dir='ltr'>vociferantur</span> <span class='ocrx_word' id='word_1_153' title='bbox 430 2962 461 3020; x_wconf 93' lang='lat' dir='ltr'>et</span> <span class='ocrx_word' id='word_1_154' title='bbox 483 2961 648 3039; x_wconf 84' lang='lat' dir='ltr'>exponunt</span> <span class='ocrx_word' id='word_1_155' title='bbox 669 2935 838 3039; x_wconf 78' lang='lat' dir='ltr'>praeclara</span> <span class='ocrx_word' id='word_1_156' title='bbox 864 2961 1010 3039; x_wconf 85' lang='lat' dir='ltr'>reperta,</span> 
     </span>
     <span class='ocr_line' id='line_1_24' title="bbox 191 3070 924 3154; baseline 0 -20"><span class='ocrx_word' id='word_1_157' title='bbox 191 3076 226 3134; x_wconf 93' lang='lat' dir='ltr'>ut</span> <span class='ocrx_word' id='word_1_158' title='bbox 248 3070 302 3133; x_wconf 86' lang='lat' dir='ltr'>vix</span> <span class='ocrx_word' id='word_1_159' title='bbox 324 3070 467 3134; x_wconf 89' lang='lat' dir='ltr'>burnana</span> <span class='ocrx_word' id='word_1_160' title='bbox 489 3070 636 3135; x_wconf 89' lang='lat' dir='ltr'>rideatur</span> <span class='ocrx_word' id='word_1_161' title='bbox 658 3071 756 3154; x_wconf 88' lang='lat' dir='ltr'>stirpe</span> <span class='ocrx_word' id='word_1_162' title='bbox 779 3076 924 3135; x_wconf 88' lang='lat' dir='ltr'>creatus.</span> 
     </span>
    </p>

    <p class='ocr_par' dir='ltr' id='par_1_6' title="bbox 231 3185 1049 3269">
     <span class='ocr_line' id='line_1_25' title="bbox 231 3185 1049 3269; baseline 0.002 -21"><span class='ocrx_word' id='word_1_163' title='bbox 231 3185 291 3249; x_wconf 90' lang='lat' dir='ltr'>Hic</span> <span class='ocrx_word' id='word_1_164' title='bbox 313 3190 422 3249; x_wconf 89' lang='lat' dir='ltr'>tamen</span> <span class='ocrx_word' id='word_1_165' title='bbox 444 3191 476 3251; x_wconf 94' lang='lat' dir='ltr'>et</span> <span class='ocrx_word' id='word_1_166' title='bbox 498 3206 597 3269; x_wconf 91' lang='lat' dir='ltr'>supra</span> <span class='ocrx_word' id='word_1_167' title='bbox 620 3206 700 3267; x_wconf 90' lang='lat' dir='ltr'>quos</span> <span class='ocrx_word' id='word_1_168' title='bbox 723 3185 860 3249; x_wconf 81' lang='lat' dir='ltr'>diximus</span> <span class='ocrx_word' id='word_1_169' title='bbox 882 3185 1049 3250; x_wconf 85' lang='lat' dir='ltr'>inferiores</span> 
     </span>
    </p>

    <p class='ocr_par' dir='ltr' id='par_1_7' title="bbox 120 3300 1125 3846">
     <span class='ocr_line' id='line_1_26' title="bbox 120 3300 1047 3387; baseline -0.002 -20"><span class='ocrx_word' id='word_1_170' title='bbox 120 3322 168 3369; x_wconf 80' lang='grc'>131</span> <span class='ocrx_word' id='word_1_171' title='bbox 193 3300 338 3384; x_wconf 85' lang='lat' dir='ltr'>partibus</span> <span class='ocrx_word' id='word_1_172' title='bbox 362 3301 493 3383; x_wconf 90' lang='lat' dir='ltr'>egregie</span> <span class='ocrx_word' id='word_1_173' title='bbox 516 3302 623 3366; x_wconf 90' lang='lat' dir='ltr'>multis</span> <span class='ocrx_word' id='word_1_174' title='bbox 646 3302 810 3382; x_wconf 83' lang='lat' dir='ltr'>multoque</span> <span class='ocrx_word' id='word_1_175' title='bbox 832 3301 991 3376; x_wconf 77' lang='grc'><strong>11111111,</strong></span> <span class='ocrx_word' id='word_1_176' title='bbox 1045 3382 1047 3387; x_wconf 23' lang='grc' dir='ltr'>Ι</span> 
     </span>
     <span class='ocr_line' id='line_1_27' title="bbox 194 3415 1056 3497; baseline 0.002 -18"><span class='ocrx_word' id='word_1_177' title='bbox 194 3436 367 3497; x_wconf 86' lang='lat' dir='ltr'>quamqunr</span> <span class='ocrx_word' id='word_1_178' title='bbox 390 3417 492 3482; x_wconf 89' lang='lat' dir='ltr'>multa</span> <span class='ocrx_word' id='word_1_179' title='bbox 512 3417 596 3481; x_wconf 91' lang='lat' dir='ltr'>bene</span> <span class='ocrx_word' id='word_1_180' title='bbox 620 3437 659 3480; x_wconf 89' lang='lat' dir='ltr'>ac</span> <span class='ocrx_word' id='word_1_181' title='bbox 682 3415 835 3481; x_wconf 87' lang='lat' dir='ltr'>divinitus</span> <span class='ocrx_word' id='word_1_182' title='bbox 857 3415 1056 3481; x_wconf 88' lang='lat' dir='ltr'>invenientes</span> 
     </span>
     <span class='ocr_line' id='line_1_28' title="bbox 193 3530 1014 3615; baseline -0.002 -19"><span class='ocrx_word' id='word_1_183' title='bbox 193 3549 233 3596; x_wconf 83' lang='grc'>111</span> <span class='ocrx_word' id='word_1_184' title='bbox 256 3530 355 3614; x_wconf 88' lang='lat' dir='ltr'>adyto</span> <span class='ocrx_word' id='word_1_185' title='bbox 379 3536 566 3612; x_wconf 86' lang='lat' dir='ltr'>tamquam</span> <span class='ocrx_word' id='word_1_186' title='bbox 589 3532 695 3596; x_wconf 84' lang='lat' dir='ltr'>cordis</span> <span class='ocrx_word' id='word_1_187' title='bbox 717 3552 874 3615; x_wconf 89' lang='lat' dir='ltr'>responsa</span> <span class='ocrx_word' id='word_1_188' title='bbox 897 3530 1014 3595; x_wconf 90' lang='lat' dir='ltr'>dedere</span> 
     </span>
     <span class='ocr_line' id='line_1_29' title="bbox 193 3646 1014 3730; baseline -0.004 -20"><span class='ocrx_word' id='word_1_189' title='bbox 193 3646 334 3710; x_wconf 86' lang='lat' dir='ltr'>sanctius</span> <span class='ocrx_word' id='word_1_190' title='bbox 357 3652 388 3710; x_wconf 89' lang='lat' dir='ltr'>et</span> <span class='ocrx_word' id='word_1_191' title='bbox 410 3646 510 3710; x_wconf 87' lang='lat' dir='ltr'>multo</span> <span class='ocrx_word' id='word_1_192' title='bbox 534 3651 622 3710; x_wconf 87' lang='lat' dir='ltr'>certa</span> <span class='ocrx_word' id='word_1_193' title='bbox 644 3647 769 3711; x_wconf 88' lang='lat' dir='ltr'>ratione</span> <span class='ocrx_word' id='word_1_194' title='bbox 791 3646 895 3730; x_wconf 85' lang='lat' dir='ltr'>magis</span> <span class='ocrx_word' id='word_1_195' title='bbox 918 3666 1014 3727; x_wconf 89' lang='lat' dir='ltr'>quanr</span> 
     </span>
     <span class='ocr_line' id='line_1_30' title="bbox 193 3760 1125 3846; baseline 0 -23"><span class='ocrx_word' id='word_1_196' title='bbox 193 3760 310 3846; x_wconf 83' lang='lat' dir='ltr'>Pythia</span> <span class='ocrx_word' id='word_1_197' title='bbox 333 3780 417 3843; x_wconf 89' lang='lat' dir='ltr'>quae</span> <span class='ocrx_word' id='word_1_198' title='bbox 439 3761 557 3844; x_wconf 89' lang='lat' dir='ltr'>tripodi</span> <span class='ocrx_word' id='word_1_199' title='bbox 581 3781 602 3825; x_wconf 86' lang='lat' dir='ltr'>a</span> <span class='ocrx_word' id='word_1_200' title='bbox 624 3761 745 3827; x_wconf 91' lang='lat' dir='ltr'>Phoebi</span> <span class='ocrx_word' id='word_1_201' title='bbox 768 3761 925 3843; x_wconf 87' lang='lat' dir='ltr'>lauroque</span> <span class='ocrx_word' id='word_1_202' title='bbox 950 3760 1097 3845; x_wconf 85' lang='lat' dir='ltr'>profatur</span> <span class='ocrx_word' id='word_1_203' title='bbox 1109 3779 1125 3839; x_wconf 85' lang='grc'>,·</span> 
     </span>
    </p>

    <p class='ocr_par' dir='ltr' id='par_1_8' title="bbox 119 3875 933 3962">
     <span class='ocr_line' id='line_1_31' title="bbox 119 3875 933 3962; baseline -0.004 -19"><span class='ocrx_word' id='word_1_204' title='bbox 119 3898 169 3945; x_wconf 70' lang='lat' dir='ltr'>reo</span> <span class='ocrx_word' id='word_1_205' title='bbox 194 3875 360 3962; x_wconf 89' lang='lat' dir='ltr'>principiis</span> <span class='ocrx_word' id='word_1_206' title='bbox 383 3876 543 3943; x_wconf 87' lang='lat' dir='ltr'>tamenin</span> <span class='ocrx_word' id='word_1_207' title='bbox 566 3895 670 3941; x_wconf 88' lang='lat' dir='ltr'>rerum</span> <span class='ocrx_word' id='word_1_208' title='bbox 694 3876 799 3942; x_wconf 86' lang='lat' dir='ltr'>fecere</span> <span class='ocrx_word' id='word_1_209' title='bbox 821 3876 933 3940; x_wconf 88' lang='lat' dir='ltr'>ruinas</span> 
     </span>
    </p>
   </div>
   <div class='ocr_carea' id='block_1_2' title="bbox 172 4141 1326 4301">
    <p class='ocr_par' dir='ltr' id='par_1_9' title="bbox 172 4141 1326 4301">
     <span class='ocr_line' id='line_1_32' title="bbox 198 4141 1326 4214; baseline 0.002 -22"><span class='ocrx_word' id='word_1_210' title='bbox 198 4146 329 4194; x_wconf 81' lang='grc'><strong>71011111</strong></span> <span class='ocrx_word' id='word_1_211' title='bbox 351 4143 363 4212; x_wconf 74' lang='grc'>11</span> <span class='ocrx_word' id='word_1_212' title='bbox 387 4147 433 4193; x_wconf 95' lang='grc'>711</span> <span class='ocrx_word' id='word_1_213' title='bbox 455 4143 525 4208; x_wconf 89' lang='lat' dir='ltr'>longi</span> <span class='ocrx_word' id='word_1_214' title='bbox 546 4142 560 4213; x_wconf 79' lang='grc' dir='ltr'>Η</span> <span class='ocrx_word' id='word_1_215' title='bbox 582 4148 631 4194; x_wconf 85' lang='grc'>716</span> <span class='ocrx_word' id='word_1_216' title='bbox 644 4144 836 4209; x_wconf 78' lang='lat' dir='ltr'>Agragantinas</span> <span class='ocrx_word' id='word_1_217' title='bbox 856 4142 870 4210; x_wconf 73' lang='lat' dir='ltr'>ll</span> <span class='ocrx_word' id='word_1_218' title='bbox 892 4145 1052 4195; x_wconf 70' lang='lat' dir='ltr'>ineundis.</span> <span class='ocrx_word' id='word_1_219' title='bbox 1073 4141 1087 4212; x_wconf 74' lang='lat' dir='ltr'>ll</span> <span class='ocrx_word' id='word_1_220' title='bbox 1108 4147 1155 4194; x_wconf 70' lang='lat'>721</span> <span class='ocrx_word' id='word_1_221' title='bbox 1176 4143 1291 4194; x_wconf 79' lang='lat' dir='ltr'>Haeclee</span> <span class='ocrx_word' id='word_1_222' title='bbox 1312 4141 1326 4214; x_wconf 84' lang='grc' dir='ltr'>ΙΙ</span> 
     </span>
     <span class='ocr_line' id='line_1_33' title="bbox 172 4228 909 4301; baseline 0 -19"><span class='ocrx_word' id='word_1_223' title='bbox 172 4253 177 4262; x_wconf 92' lang='grc'><strong><em>·</em></strong></span> <span class='ocrx_word' id='word_1_224' title='bbox 198 4233 248 4282; x_wconf 81' lang='grc'>724</span> <span class='ocrx_word' id='word_1_225' title='bbox 266 4239 295 4281; x_wconf 90' lang='lat' dir='ltr'>ut</span> <span class='ocrx_word' id='word_1_226' title='bbox 313 4233 412 4283; x_wconf 87' lang='lat' dir='ltr'>omniat</span> <span class='ocrx_word' id='word_1_227' title='bbox 431 4228 445 4301; x_wconf 76' lang='lat' dir='ltr'>ll</span> <span class='ocrx_word' id='word_1_228' title='bbox 466 4234 515 4283; x_wconf 78' lang='grc'>725</span> <span class='ocrx_word' id='word_1_229' title='bbox 534 4232 651 4282; x_wconf 85' lang='lat' dir='ltr'>flammae</span> <span class='ocrx_word' id='word_1_230' title='bbox 672 4229 685 4299; x_wconf 82' lang='grc' dir='ltr'>ΙΙ</span> <span class='ocrx_word' id='word_1_231' title='bbox 707 4233 756 4282; x_wconf 83' lang='grc'>739</span> <span class='ocrx_word' id='word_1_232' title='bbox 775 4239 909 4297; x_wconf 77' lang='lat' dir='ltr'>prosator.</span> 
     </span>
    </p>
   </div>
   <div class='ocr_carea' id='block_1_3' title="bbox 0 0 1391 4658">
    <p class='ocr_par' dir='ltr' id='par_1_10' title="bbox 0 0 1391 4658">
     <span class='ocr_line' id='line_1_34' title="bbox 0 0 1391 4658; baseline 0 0"><span class='ocrx_word' id='word_1_233' title='bbox 0 0 1391 4658; x_wconf 95' lang='lat' dir='ltr'> </span> 
     </span>
    </p>
   </div>
  </div>
 </body>
</html>
