2678 4658
612 247 661 312 111

69 437 124 484 neo
145 416 248 485 refert
271 424 377 484 utrum
398 425 512 504 pereat
534 418 681 504 dispersa
703 441 760 503 per
783 439 880 485 auras

10 552 47 601 sn
68 555 108 599 an
131 541 305 601 eontracta
329 534 395 600 suis
418 534 601 618 apartibus
624 521 848 620 obmutescat,
934 536 952 551 ““

65 649 195 732 quaudo
220 651 387 716 hominem
409 655 509 714 toturn
532 651 636 734 magis
659 671 698 716 ao
720 652 824 734 magis
847 652 987 734 undique
1009 671 1123 718 sensus

64 766 172 831 delicit
195 773 229 831 et
253 766 341 831 vitae
364 765 469 830 miuus
493 771 524 830 et
546 767 650 831 minus
672 768 815 848 undique
837 773 955 832 restat.

100 883 142 946 Et
167 882 327 964 quoniam
349 902 438 946 mens
462 888 510 946 est
533 882 669 948 hominis
691 903 767 966 pars
790 903 872 959 una,
888 882 960 948 looo
985 859 1067 965 quae

61 997 126 1061 lixa
150 1004 266 1062 manet
288 1003 393 1081 certo,
410 996 461 1062 vel
484 1003 518 1060 ut
541 1018 635 1063 aures
659 1003 754 1080 atque
778 997 861 1063 oculi
884 1004 958 1063 sunt

10 1132 36 1179 so
59 1119 164 1195 atque
187 1112 248 1176 alii
271 1097 386 1178 sensus
409 1112 462 1194 qui
484 1113 583 1177 vitam
607 1133 741 1196 eumque
764 1114 963 1196 gubernant,

60 1234 94 1293 et
115 1229 173 1293 vel
197 1229 246 1291 uti
269 1248 384 1293 manus
407 1234 463 1292 aut
484 1230 595 1294 oculus
617 1247 752 1294 naresve
775 1248 919 1294 seorsum

58 1349 192 1409 secreta
217 1344 260 1407 ab
284 1344 377 1408 nobis
398 1350 560 1426 nequeunt
582 1343 700 1409 sentire
722 1362 826 1425 neque
848 1362 940 1426 esse,

56 1459 116 1524 sed
140 1465 257 1522 tamen
280 1459 314 1521 in
336 1479 437 1542 parvo
459 1460 619 1524 lincuntur
640 1465 782 1543 tempore
804 1457 890 1541 tabi,

57 1573 103 1638 sie
126 1573 265 1638 animus
288 1592 346 1656 per·
369 1593 490 1640 senon
514 1575 580 1658 quit
603 1574 673 1639 sine
696 1593 830 1658 corpore
853 1572 976 1657 etipse

10 1704 43 1755 tto
60 1709 130 1754 esse
158 1688 316 1772 homine,
333 1687 421 1756 illius
445 1690 538 1772 quasi
562 1689 648 1772 quod
670 1710 728 1754 vas
752 1709 822 1754 esse
848 1687 991 1769 videtur,

63 1803 124 1871 sive
151 1803 253 1869 aliud
277 1803 355 1886 quid
376 1804 425 1870 vis
446 1805 553 1890 potius
577 1804 773 1870 coniunctius
798 1804 826 1867 ei

69 1917 210 2006 lugere,
231 1918 491 2001 quandoquidem
514 1940 640 1986 conexu
662 1939 777 2004 eorpus
801 1917 955 1982 adhaeret

64 2032 209 2117 denique
224 2082 233 2117 ‚
251 2034 394 2118 eorporis
417 2041 515 2117 atque
538 2035 635 2100 animi
657 2036 765 2101 vivata
787 2040 932 2119 potestas

61 2148 141 2216 inter
166 2170 206 2216 se
233 2149 404 2215 oouiunota
425 2152 532 2216 valent
553 2151 683 2232 vitaque
706 2151 873 2214 fruuntur:

10 2280 43 2331 tro
59 2285 115 2332 neo
140 2264 223 2331 sine
248 2283 382 2348 corpore
405 2266 489 2329 enim
511 2265 617 2331 vitalis
641 2266 737 2331 edere
759 2271 864 2330 motus

57 2383 129 2447 sola
153 2385 270 2466 potest
292 2379 391 2443 animi
413 2399 472 2464 per
493 2399 530 2445 se
553 2388 668 2446 natura
691 2401 751 2446 nee
775 2387 881 2447 autem

56 2517 194 2563 cassum
220 2494 332 2559 anima
356 2514 472 2580 eorpus
495 2494 610 2560 durare
633 2503 665 2561 et
687 2497 836 2562 sensibus
858 2495 924 2558 uti.

55 2613 212 2690 seilicet,
232 2611 364 2676 avolsus
387 2610 549 2676 radioibus
572 2617 606 2675 ui
627 2612 737 2693 nequit
759 2612 857 2675 ullam
908 2689 910 2693 .

53 2727 229 2812 dispicere
251 2725 322 2809 ipse
345 2726 456 2791 ooulus
479 2746 546 2791 rem
569 2747 713 2792 seorsurn
736 2745 868 2808 oorpore
891 2730 977 2806 toto,

10 2860 33 2907 rs
54 2843 102 2907 sio
126 2843 251 2906 anima
275 2847 372 2922 atque
395 2841 519 2906 animus
542 2862 599 2926 per
622 2862 657 2906 se
680 2841 726 2905 nil
748 2859 843 2925 posse
865 2839 1009 2903 videtur.

54 2958 87 3022 ni
109 2957 262 3033 mirum,
281 2955 358 3036 quia
379 2975 438 3040 per
459 2976 560 3022 venas
585 2961 617 3021 et
638 2956 763 3020 viscera
785 2954 927 3038 mixtim,

52 3095 112 3157 per
135 3089 266 3137 nervos
290 3077 387 3152 atque
411 3090 508 3154 ossa,
523 3076 670 3136 tenentur
693 3091 827 3154 corpore
851 3070 891 3134 ab
916 3069 1001 3133 omni

53 3208 113 3254 neo
138 3181 482 3269 magnis'intervallis
505 3185 680 3270 primordia
703 3192 838 3268 possunt

54 3302 163 3368 libera
188 3300 390 3384 dissultare,
407 3299 480 3365 ideo
504 3302 655 3365 oonolusa
678 3307 844 3364 moventur

10 3424 39 3477 ts
57 3417 245 3484 sensiferos
268 3420 394 3499 motus,
412 3435 492 3496 quos
515 3421 604 3480 extra
627 3436 743 3498 corpus
767 3416 919 3478 inauras

57 3534 140 3600 aeris
167 3532 259 3597 naut
283 3534 418 3613 possunt
440 3537 667 3613 postmortem
691 3533 792 3596 eiecta
815 3528 934 3592 moveri

55 3655 241 3734 propterea
264 3644 344 3727 quia
366 3664 440 3707 non
454 3644 550 3710 simili
571 3646 694 3710 ratione
717 3649 886 3710 tenentur:

55 3782 173 3850 eorpus
200 3760 297 3828 eninr
321 3766 421 3840 atque
445 3759 591 3824 animans
614 3759 674 3823 erit
697 3765 771 3835 adr,
789 3759 814 3822 si
838 3757 987 3821 oohibere

59 4069 105 4119 544
122 4072 249 4136 disperse
283 4062 297 4135 ΙΙ
329 4065 381 4113 545
403 4061 563 4111 obrutoscat.
590 4058 603 4128 ll
634 4063 681 4110 551
703 4069 778 4121 atque
802 4057 816 4126 Η
842 4061 892 4109 553
912 4055 1080 4124 lingunturll
1104 4057 1165 4104 tali.
1187 4051 1200 4120 ΙΙ

36 4182 41 4193 ·
61 4156 106 4207 555
123 4159 271 4209 hominem
291 4151 308 4221 ΙΙ
330 4164 404 4200 rasse
430 4149 442 4215 l!
469 4153 519 4199 564
539 4150 627 4198 oculus
646 4150 699 4212 ipse
724 4146 737 4217 ΙΙ
762 4151 811 4197 566
832 4166 876 4212 per
894 4151 1033 4200 ousiarum.
1057 4144 1068 4211 Η
1093 4143 1166 4192 mixti
1187 4141 1200 4209 Η

64 4247 106 4296 571
126 4261 256 4300 morere.
279 4238 296 4313 ΙΙ
318 4239 374 4289 573
396 4237 509 4286 animam
527 4237 586 4286 serit

981 4336 1039 4443 T.
