2744 4658
652 217 677 285 ,Ι

102 410 240 474 ossaque
264 397 295 454 et
317 388 446 454 omnino
468 408 570 455 venas
591 386 755 473 partisque
779 386 922 469 cruoris,

101 508 156 572 fiet
178 507 224 572 uti
247 506 336 570 cibus
360 503 482 580 omnis,
506 507 537 567 et
558 501 668 568 aridus
690 508 723 568 et
744 503 850 585 liquor
870 502 961 586 ipse,

25 643 76 692 sco
102 642 143 688 ex
166 620 357 703 alienigenis
380 619 475 684 rebus
498 623 645 683 constare
667 624 814 703 putetur,

103 737 230 803 ossibus
254 742 286 801 et
307 734 414 801 nervis
436 734 592 816 venisque
615 739 647 798 et
668 733 825 816 sanguine
848 733 967 797 mixto.

102 859 271 937 praeterea
294 871 378 933 quae
401 870 536 931 cumque
559 869 577 914 e
600 855 684 912 terre
706 867 843 932 corpora
864 852 1011 913 creseunt

102 968 129 1034 si
152 967 280 1031 suntin
303 965 418 1049 terris,
441 972 556 1030 terram
580 970 727 1029 constare
751 967 915 1028 necessest

100 1101 140 1146 ex
164 1081 375 1165 alienigenis,
400 1099 483 1163 quae
505 1080 598 1144 terris
622 1078 829 1144 exoriuntur.

25 1217 77 1263 oro
102 1197 242 1262 transfer
262 1197 358 1272 item,
383 1196 514 1260 totidem
537 1194 644 1260 verbis
666 1200 758 1258 utare
779 1192 888 1258 licebit
901 1166 940 1265 ²,

102 1312 134 1374 in
156 1311 254 1392 lignis
277 1311 304 1376 si
326 1311 455 1376 flamma
477 1310 555 1376 latet
577 1309 748 1391 fumusque
772 1308 939 1390 cinisque,

104 1444 145 1490 ex
167 1425 356 1508 alienigenis
380 1425 557 1490 consistant
578 1425 666 1508 ligna
688 1429 871 1490 necessest.

102 1545 271 1624 praeterea
293 1540 388 1605 tellus
412 1559 496 1621 quae
519 1559 655 1624 corpora
678 1560 813 1622 cumque
835 1539 912 1617 alit,
937 1545 1034 1622 anget

103 1675 142 1719 ex
165 1655 376 1739 alienigenis,
401 1675 486 1737 quae
509 1655 698 1744 alngenis
721 1656 883 1720 oriuntur.

27 1791 77 1836 sss
145 1770 312 1852 Linquitur
334 1770 386 1836 hio
409 1769 569 1851 quaedam
592 1771 740 1836 latitandi
763 1771 857 1854 copia
878 1770 1002 1852 tenvis,

104 1885 137 1946 id
161 1883 247 1966 quod
269 1887 478 1968 Anaxagoras
501 1884 563 1948 sibi
586 1884 701 1967 sumit,
724 1888 759 1947 ut
782 1883 930 1947 omnibus
954 1881 1057 1946 omnis

104 2018 156 2064 res
178 2002 267 2082 putet
288 1997 439 2061 inrnixtas
461 1999 557 2063 rebus
579 1999 724 2082 latitare,
748 1997 806 2063 sed
828 1995 910 2061 illud

103 2132 258 2197 apparere
279 2133 396 2196 unum,
421 2114 511 2179 ouius
534 2113 597 2178 sint
619 2113 757 2198 plurima
779 2113 882 2177 mixta
961 2112 970 2125 '

103 2234 133 2293 et
154 2228 258 2312 magis
280 2228 483 2311 inpromptu
507 2228 671 2312 primaque
693 2230 727 2294 in
750 2228 855 2294 fronte
878 2228 1005 2292 locata.

27 2363 78 2410 sao
104 2342 189 2425 quod
213 2349 320 2408 tamen
343 2363 463 2408 avora
486 2343 581 2426 longe
605 2345 729 2411 ratione
751 2346 966 2431 repulsumst.

103 2456 313 2522 conveniebat
335 2457 419 2521 enirn
442 2457 552 2540 fruges
576 2480 701 2541 quoque
724 2479 844 2544 saepe,
868 2459 984 2523 minaci

103 2573 218 2637 robore
240 2590 312 2634 curn
335 2572 405 2636 saxi
428 2570 637 2656 franguntur,
660 2574 783 2639 mittere
805 2575 931 2658 signum

102 2684 268 2767 sanguinis
291 2692 346 2750 aut
369 2686 509 2770 aliquid,
535 2669 642 2753 nostro
666 2709 749 2770 quae
773 2707 905 2771 corpore
927 2688 1075 2766 aluntur;

105 2821 177 2866 curn
199 2799 296 2883 lapidi
318 2801 458 2885 lapidem
482 2803 634 2886 terirnus,
660 2822 789 2867 manare
811 2823 976 2868 cruorem.

28 2937 79 2983 sss
104 2914 261 2979 consimili
284 2915 406 2981 ratione
428 2916 545 2981 herbas
569 2938 697 2998 quoque
720 2937 819 3004 saepe
842 2918 979 2984 decebat

105 3035 137 3094 et
159 3029 261 3093 laticis
284 3030 386 3094 dulcis
408 3036 515 3113 guttas
537 3032 696 3114 similique
718 3054 834 3118 sapore

104 3145 249 3227 mittere,
272 3143 437 3227 lanigerae
462 3145 548 3226 quali
571 3152 645 3211 sunt
667 3147 766 3212 ubere
788 3149 899 3224 laetis,

105 3259 245 3343 scilicet,
270 3264 301 3323 et
322 3259 425 3341 glebis
447 3264 603 3324 terrarum
627 3280 725 3345 saepe
748 3260 852 3327 friatis

61 3404 67 3417 x
105 3373 276 3439 herbarum
300 3394 420 3457 genera
444 3380 475 3438 et
497 3372 606 3458 fruges
627 3374 821 3457 frondesque
843 3377 945 3442 rideri

27 3509 79 3555 sco
105 3486 275 3572 dispertita
296 3490 377 3555 inter
398 3495 512 3553 terram
537 3489 663 3554 latitare
685 3490 825 3569 rninute,

103 3609 265 3687 postremo
288 3603 320 3667 in
343 3604 440 3686 lignis
463 3604 601 3670 cinerem
624 3603 810 3685 fumumque
830 3605 952 3688 videri,

105 3738 178 3782 curn
201 3718 380 3802 praefracta
403 3719 527 3798 forent,
549 3719 699 3803 ignisque
723 3720 822 3785 latere
844 3721 1001 3787 minutos.

58 3812 64 3820 ¹
105 3853 239 3916 quorum
262 3833 308 3898 nil
330 3833 397 3901 fieri
422 3836 574 3918 quoniam
597 3834 766 3900 manifesta
788 3833 881 3901 docet
903 3855 974 3920 res,

104 4108 155 4154 888
175 4104 295 4164 sanieque
314 4102 328 4171 ΙΙ
347 4105 444 4152 mixta.
465 4100 478 4173 Η
499 4108 550 4154 874
569 4121 633 4168 quae
651 4105 728 4170 lignis
749 4101 763 4173 ΙΙ
784 4107 833 4155 882
853 4121 911 4155 curn
929 4104 956 4153 iu
976 4102 990 4173 ll
1010 4109 1061 4155 884
1079 4103 1105 4153 in
1120 4104 1229 4166 lapirlerrr

105 4202 219 4242 tenemus
239 4188 252 4258 j}
273 4194 322 4238 885
341 4191 423 4239 herbis
444 4190 457 4258 Η
479 4196 528 4240 886
547 4194 634 4242 latices
655 4192 667 4260 ll
689 4197 739 4242 890
758 4194 784 4242 ἰη
805 4190 818 4261 Ι)
839 4193 888 4242 893
908 4210 947 4241 res
967 4195 1106 4244 oratiarum.
