2744 4658
167 239 228 304 154
695 237 753 301 HII

83 409 284 483 1202110111,
301 416 334 471 ut
357 408 391 471 in
411 409 526 474 vinclis
549 410 768 474 communibus
791 411 1036 475 excrucientur?

166 518 199 582 in
221 520 321 587 triviis
345 544 441 603 quam
464 544 562 607 saepe
585 543 699 607 canes,
717 525 883 589 discedere
906 526 1048 610 aventis,

84 657 150 702 1210
167 635 284 700 divorsi
309 637 423 722 cupide
447 639 577 702 sunonis
599 659 639 703 ex
661 639 773 704 viribu'
796 641 948 724 tendunt,

85 772 262 834 1201000111
285 754 406 818 interea
427 755 542 818 validis
565 755 698 819 Veneris
721 757 931 839 compagibus
954 756 1108 820 haerent!

36 891 42 907 ·
123 874 130 881 '
169 868 254 949 quod
277 868 420 933 facerent
441 889 632 953 numquam,
651 870 710 934 nisi
733 877 840 933 mutua
862 870 980 950 gaudia
1002 877 1152 945 nossent,

96 995 100 1001 ⁴
168 1001 250 1063 quae
273 982 376 1046 iacere
399 983 431 1044 in
454 983 598 1048 fraudem
621 991 752 1067 possent
774 986 959 1065 vinctosque
981 990 1112 1048 tenere.

170 1117 269 1178 quare
293 1099 389 1161 etiam
413 1106 509 1180 atque
531 1100 625 1162 etiam
640 1150 646 1175 ‚
664 1104 698 1161 ut
720 1098 792 1162 dico
807 1150 814 1174 ‚
832 1105 881 1163 est
904 1099 1070 1163 communi‘
1091 1099 1260 1182 voluptas.

206 1213 245 1275 Et
267 1213 502 1277 commiscendo
526 1233 622 1294 quom
645 1214 771 1278 semine
786 1213 859 1277 forti
881 1214 963 1277 virili

168 1327 287 1391 femina
309 1328 372 1390 vim
395 1328 470 1392 ricit
491 1328 596 1392 subita
617 1328 648 1392 vi
672 1328 906 1411 corripuitque,

86 1464 149 1508 1211
170 1449 235 1505 tum
259 1442 380 1506 similes
403 1449 536 1506 matrum
560 1450 706 1507 materno
730 1442 851 1506 semine
873 1445 971 1519 fiunt,

169 1562 202 1618 ut
224 1556 371 1638 patribus
392 1558 518 1641 patrio.
536 1558 593 1622 sed
617 1578 696 1638 quos
719 1559 884 1640 utriusque
906 1560 1027 1642 figurae

170 1691 240 1735 esse
262 1670 371 1755 vides,
387 1672 499 1734 iuxtim
521 1673 692 1736 miscentes
715 1673 802 1736 vulta
825 1681 1013 1758 parentum,

168 1806 300 1871 corpore
324 1786 362 1850 de
386 1788 487 1869 patrio
513 1794 544 1853 et
566 1795 709 1851 materno
733 1789 886 1872 sanguine
910 1793 1073 1870 crescunt,

85 1902 539 1971 1211000100001000110110
562 1904 696 1968 stimulis
720 1905 824 1968 excita
847 1924 904 1986 per
927 1910 1015 1967 artus

170 2020 265 2111 obuia
288 2017 429 2082 conflixit
450 2019 638 2100 conspirans
662 2024 787 2081 mutuus
811 2019 928 2094 ardor,

169 2141 201 2197 et
222 2152 327 2213 neque
350 2139 453 2195 utrum
477 2133 639 2215 superavit
661 2152 770 2197 eorum
792 2153 851 2196 nec
873 2137 1107 2215 superatumst.

110 2233 112 2237 ¹
168 2248 201 2310 fit
224 2266 351 2327 quoque
374 2251 407 2309 ut
429 2247 511 2310 inter
533 2247 607 2310 dum
630 2248 750 2312 similes
775 2249 911 2312 existere
934 2267 1064 2310 erorum
1099 2287 1103 2293 -

168 2363 291 2446 possint
315 2367 346 2424 et
368 2360 508 2426 referant
529 2383 721 2445 proavorum
744 2383 843 2446 saepe
867 2363 986 2445 figuras

87 2499 153 2544 1220
170 2482 340 2562 propterea
363 2479 438 2559 quia
462 2478 561 2542 multa
584 2479 686 2541 modis
709 2477 883 2561 primordia
904 2477 1011 2542 multis

170 2594 269 2657 mixta
292 2614 350 2658 suo
374 2594 481 2658 celant
503 2595 536 2657 in
560 2614 693 2678 corpore
716 2613 814 2675 saepe
836 2592 1000 2676 parentis,

171 2727 253 2789 quae
275 2709 418 2792 patribus
440 2716 550 2793 patres
571 2708 701 2772 tradunt
723 2709 765 2772 ab
789 2709 885 2791 stirpe
909 2707 1072 2790 profecta:

170 2823 244 2886 inde
267 2825 375 2888 Venus
396 2825 486 2887 varia
508 2822 654 2908 producit
677 2830 762 2887 sorte
783 2824 922 2907 figuras,
965 2903 970 2911 ⁶

169 2939 387 3018 maiorumque
409 2937 508 3001 refert
529 2938 634 3001 voltus
656 2956 816 3018 vocesque
839 2956 1031 3020 comasque3

88 3074 153 3121 1220
171 3052 429 3134 quandoquidem
452 3052 518 3114 nilo
542 3053 643 3134 magis
664 3051 744 3116 haec
767 3053 807 3117 de
831 3051 952 3117 semiue
968 3050 1061 3117 'certo

170 3168 248 3230 fiunt
271 3188 366 3259 quam
389 3167 486 3231 iacies
510 3173 541 3231 et
563 3188 698 3252 corpora
721 3167 925 3248 membraque
949 3167 1060 3249 nobis⁷

172 3289 203 3346 et
226 3282 380 3346 muliebre
403 3283 500 3346 oritur
520 3284 623 3367 patrio
648 3285 687 3345 de
711 3281 831 3345 semine
853 3281 1017 3357 saeclum,

171 3403 377 3478 maternoque
401 3417 504 3460 mares
528 3399 667 3462 existunt
689 3416 821 3480 corpore
844 3397 940 3461 creti.

174 3531 299 3595 semper
322 3513 404 3576 enim
428 3515 538 3596 partus
562 3511 682 3594 duplici
706 3510 891 3575 desemine
915 3516 1056 3593 constat,
1077 3544 1080 3548 ·
1125 3513 1129 3518 '

90 3648 156 3695 1230
173 3632 268 3707 atque
290 3627 350 3690 utri
373 3627 509 3691 similest
529 3627 633 3707 magis
656 3625 688 3688 id
712 3625 799 3706 quod
822 3645 957 3706 cumque
981 3631 1126 3708 creatur,

172 3743 240 3806 eius
263 3742 359 3805 babet
381 3742 453 3825 plus
475 3748 568 3826 parte
591 3761 716 3823 aequa3
734 3739 820 3822 quod
844 3761 972 3806 cernere
994 3740 1121 3824 possis,

173 3857 241 3922 sive
263 3858 365 3922 virum
388 3856 518 3922 suboles
541 3857 638 3922 sivest
660 3856 823 3921 muliebris
845 3857 955 3940 origo.

178 4136 243 4183 1202
263 4134 338 4183 Vixit
358 4130 370 4200 ll
391 4131 481 4180 vinciis
504 4126 517 4197 ΙΙ
544 4134 610 4181 1203
631 4146 688 4181 cum
713 4128 725 4197 Η
752 4131 818 4178 1200
838 4129 901 4178 ulcit
925 4128 937 4195 p(
966 4131 1031 4178 1212
1050 4130 1164 4192 partibus
1190 4127 1203 4198 Η
1228 4132 1297 4180 §220

177 4221 333 4271 multimodis
353 4222 365 4286 p
388 4221 453 4273 1222
474 4234 490 4267 0
510 4217 522 4286 ll
545 4218 695 4269 1224110101
715 4215 729 4286 ll
751 4220 816 4268 1225
836 4215 867 4266 de
884 4219 1024 4270 omissam.
1045 4215 1058 4285 ll
1080 4219 1148 4286 1230
1167 4232 1218 4282 quo
