2744 4658
705 242 733 307 V

154 417 190 482 in
211 415 316 482 medio
338 419 373 480 ut
393 416 547 501 propulsa
568 433 627 480 suo
650 417 815 482 condensa
837 416 955 500 coiret,

155 539 223 597 tam
246 530 352 613 magis
374 549 544 615 expressus
567 530 671 596 salsus
694 530 735 597 de
757 549 890 615 corpore
913 531 1011 597 sudor

156 645 298 728 augebat
319 664 407 711 mare
429 645 592 711 manando
615 665 809 729 camposque
832 646 992 722 natantis,

157 772 191 831 00
210 768 299 829 tanto
322 758 427 842 magis
448 759 504 824 illa
525 760 612 825 iuras
636 760 750 825 elabsa
772 760 925 826 volabant

72 901 131 950 400
158 897 294 965 corpora
315 875 414 940 multa
435 874 564 958 vaporis
587 880 618 939 ct
639 874 740 959 aeris,
757 875 886 956 altaque
909 876 991 940 caeli

159 992 337 1058 denscbant
359 989 471 1074 procul
493 1008 513 1053 a
534 988 626 1054 terris
648 988 804 1070 fulgentia
825 989 968 1073 templa.

158 1107 308 1172 sidebant
328 1103 455 1188 campi,
472 1104 659 1168 crescebant
680 1105 841 1169 montibus
865 1104 938 1168 altis

159 1239 332 1286 ascensus:
348 1237 452 1302 neque
476 1218 559 1283 enim
580 1225 729 1302 poterant
750 1219 917 1284 subsidere
941 1239 1021 1283 0000

158 1355 219 1401 000
240 1332 362 1419 pariter
382 1333 570 1399 tantundem
593 1354 702 1398 omnes
725 1333 928 1399 succumbere
944 1332 1071 1417 partis.

79 1470 131 1518 495
200 1448 255 1514 Sic
276 1448 373 1530 igitur
395 1454 499 1514 terrae
523 1455 670 1512 concreto
695 1467 829 1532 corpore
852 1447 978 1531 pondus

160 1563 321 1639 constitit,
338 1566 432 1644 utque
455 1563 558 1628 omnis
580 1562 690 1627 mundi
713 1563 804 1645 quasi
827 1563 921 1629 limus
943 1564 1095 1629 inimum

159 1676 310 1745 confluxit
331 1677 438 1759 gravis
462 1683 494 1743 et
516 1677 661 1742 subsedit
682 1677 825 1743 funditus
848 1684 883 1741 ut
903 1678 998 1756 faex;

159 1793 234 1857 inde
258 1811 345 1858 marc
358 1843 365 1868 ‚
379 1791 456 1857 iude
479 1799 553 1874 aer,
570 1792 644 1856 inde
668 1791 776 1856 aether
798 1792 915 1875 ignifer
935 1793 1025 1877 ipse.

163 1907 346 1993 torporibus
366 1905 496 1990 liquidis
519 1911 592 1970 sunt
614 1907 720 1970 omnia
743 1926 824 1989 pura
846 1907 975 1970 relicta:

88 2041 140 2089 500
165 2026 196 2087 00
215 2021 339 2088 leuiora
361 2021 433 2086 aliis
456 2019 540 2103 alia,
557 2026 589 2084 00
610 2019 840 2102 liquidissimus
862 2020 972 2086 aether

159 2143 256 2219 00000
278 2137 459 2203 levissimus
481 2135 585 2201 aerias
608 2156 705 2221 super
727 2136 830 2200 influit
852 2157 967 2222 auras,

158 2269 220 2317 nec
241 2251 398 2335 liquidum
420 2271 535 2335 corpus
558 2252 755 2317 turbantibus
778 2253 862 2319 aeris
885 2253 970 2317 auris

161 2366 363 2431 commiscet.
380 2365 455 2430 sinit
476 2365 526 2430 hic
548 2365 696 2432 violentis
719 2368 825 2431 omnia
845 2368 926 2433 verti

159 2480 358 2564 turbinibus,
375 2480 450 2544 sinit
471 2479 601 2545 incertis
624 2481 751 2545 turbare
773 2482 944 2564 procellis,

83 2615 135 2663 005
161 2595 234 2679 ipse
255 2610 330 2660 suos
352 2595 434 2678 ignis
458 2603 543 2660 00010
566 2594 627 2659 fert
648 2595 763 2679 impete
784 2584 923 2660 labens(

161 2730 238 2776 nam
260 2710 384 2775 modice
405 2710 503 2774 fluere
525 2716 620 2791 atque
642 2730 706 2775 uno
728 2728 825 2793 posse
848 2708 977 2773 aethera
998 2708 1071 2773 nisu

160 2823 322 2907 significat
342 2827 483 2908 Pontos,
499 2843 587 2889 mare
610 2830 695 2890 certo
720 2825 803 2906 quod
826 2823 894 2887 fluit
916 2829 1008 2888 aestu

161 2959 261 3003 unum
283 2939 417 3004 labendi
440 2958 634 3004 conservans
657 2959 757 3021 usque
780 2945 941 3004 tenorem.

203 3053 359 3143 [Motibus
381 3058 539 3118 astrorum
561 3072 647 3118 0000
670 3072 753 3135 0000
775 3054 815 3119 sit
837 3073 937 3118 causa
959 3072 1130 3119 canamus.

84 3190 136 3237 500
161 3167 319 3254 principio
343 3187 478 3253 magnus
501 3167 582 3231 caeli
605 3167 631 3231 si
655 3167 785 3232 vortitur
806 3167 912 3244 orbis,

163 3303 204 3350 cx
226 3290 362 3365 utraque
383 3282 494 3367 polum
517 3282 599 3365 parti
622 3302 767 3366 premere
791 3288 868 3346 0000
890 3281 983 3347 nobis

163 3397 333 3463 dicendum
356 3403 403 3462 est
425 3403 580 3477 extraque
602 3402 709 3460 tenere
731 3401 763 3460 00
785 3395 934 3460 claudere
957 3395 1134 3477 utrimquc;

161 3511 236 3579 inde
257 3511 353 3576 alium
377 3531 475 3596 supra
496 3510 594 3576 flucre
617 3516 714 3592 atque
734 3511 898 3575 intendere
922 3509 1092 3589 deorsum,

84 3648 137 3696 505
163 3626 238 3693 hinc
258 3626 355 3691 alium
379 3632 506 3709 supter,
524 3631 635 3690 contra
658 3625 713 3707 qui
736 3623 891 3690 subvehat
914 3625 1045 3705 orbem3

162 3747 197 3805 ut
217 3739 331 3806 fluvios
353 3760 481 3805 versare
504 3745 591 3805 rotas
616 3746 713 3822 atque
734 3745 841 3805 austra
863 3738 1030 3804 videmus.

84 3875 138 3922 504
163 3874 226 3938 000
248 3855 407 3922 volvenda
427 3855 547 3921 micant
568 3854 688 3920 aeterni
711 3852 818 3918 sidera
840 3852 968 3916 mnndi.

166 4130 216 4177 491
237 4126 386 4178 Densabant
410 4125 424 4195 ΙΙ
449 4131 499 4178 500
517 4128 596 4178 levior
621 4125 633 4196 Η
655 4127 705 4177 503
725 4125 862 4177 Commisci
883 4123 896 4194 Η
915 4123 978 4176 10000
999 4127 1003 4194 Ι
1033 4129 1082 4176 507
1102 4133 1180 4191 ponto
1201 4123 1284 4194 01013

166 4215 272 4265 eodem.
294 4216 307 4284 Η
328 4218 378 4266 515
398 4217 451 4265 Aut
471 4212 485 4283 Η
505 4217 561 4278 quis
581 4211 595 4283 ΙΙ
615 4217 665 4264 516
685 4213 777 4262 fluvius
